2866 4822
127 245 168 309 56

127 433 161 479 se
183 410 371 478 referendae
394 416 426 476 et
449 408 690 496 coniungendae
713 415 786 475 sunt
808 431 911 493 neque
934 411 1131 476 extrinsecus
1155 409 1301 493 singulae

127 514 349 599 agglutinatae
381 533 451 578 esse
480 517 624 597 possunt,
654 513 782 575 minime
813 511 979 577 eredimus.
1027 513 1141 595 Neque
1170 511 1297 595 stropha

126 618 253 682 49-52
269 607 311 701 (ὦ
331 608 442 699 τράγε,
464 617 528 678 τᾶν
552 617 676 679 λευκᾶν
697 613 805 697 αἰγιῦν
828 609 931 698 ἄνερ)
954 618 1011 678 aut
1026 614 1160 698 stropha
1176 615 1297 678 53-5o

128 716 183 805 (μή
204 741 261 802 μοι
284 720 347 802 γᾶν
370 718 534 794 Πέλοπος,
558 767 565 782 .
589 769 594 780 .
620 715 654 800 .),
680 721 840 798 uteunque
863 735 918 781 eas
940 721 1131 800 spectamus,
1162 716 1298 800 speeiem

127 820 368 905 epigrammatis
390 818 552 903 propriam
573 839 651 903 prae
674 838 708 884 se
730 818 845 882 ferunt.
890 817 1024 884 Omnino
1053 823 1163 882 antem
1190 838 1298 902 parurn

127 921 280 988 sentimus
310 921 342 984 in
373 921 570 1003 argumentis
600 919 797 1003 singularum
827 919 1030 1003 stropharum
1059 919 1298 1003 epigrammatis

128 1025 219 1108 quasi
241 1043 430 1088 mueronem.
475 1022 518 1086 At
541 1028 628 1087 oerte
651 1021 833 1105 negandum
860 1041 921 1087 non
952 1026 1001 1086 est
1028 1027 1194 1086 extremae
1223 1026 1298 1087 stro-

126 1127 211 1211 phae
246 1125 487 1209 epigrammatis
520 1124 645 1207 signnm
679 1123 884 1188 manifestum
917 1124 1106 1208 impressum
1145 1143 1232 1206 esse,
1267 1122 1298 1187 id

127 1227 213 1311 quod
235 1228 355 1312 primus
377 1227 577 1291 Hermannus
600 1226 661 1310 (op.
677 1226 713 1307 V,
736 1247 765 1309 p.
781 1226 835 1309 84)
865 1231 951 1291 reote
979 1225 1127 1306 coniecit,
1159 1225 1212 1290 oui
1239 1226 1298 1291 oal-

128 1330 215 1394 oulos
245 1348 318 1394 suos
347 1327 468 1392 adiecit
498 1327 678 1391 Meinekius
701 1327 742 1410 (p.
763 1327 851 1411 268);
881 1332 979 1411 atque
1008 1327 1091 1391 hano
1120 1327 1298 1412 opinionem

128 1432 313 1496 asoisoimus
336 1450 373 1495 eo
393 1429 497 1513 magis
520 1434 553 1495 st
577 1429 662 1512 quod
681 1428 763 1493 illud
784 1429 995 1494 tetrastiohon
1014 1430 1144 1494 minime
1164 1428 1299 1513 quadrat

127 1535 160 1597 in
182 1538 404 1616 argumentum
427 1532 525 1596 totius
547 1530 652 1616 idyllii
675 1536 708 1595 et
728 1530 814 1613 qnod
834 1552 1019 1615 comparare
1034 1551 1203 1615 possumus
1218 1531 1297 1596 idern

128 1656 199 1701 oum
232 1634 306 1698 aliis
339 1633 531 1715 quibusdam
561 1633 629 1698 eius
662 1634 789 1716 generis
818 1635 989 1717 poematis,
1023 1653 1158 1714 quorum
1188 1634 1297 1699 afferre

128 1739 206 1802 lioet
228 1736 363 1820 primum
388 1735 586 1801 Callimacho
609 1734 806 1819 adscriptum
830 1734 939 1819 (Anth.
954 1735 1022 1800 Pal.
1037 1735 1219 1820 xr1,230):

218 1853 283 1922 Τὸν
305 1852 345 1920 τὸ
368 1849 477 1919 καλὸν
497 1858 705 1938 μελανεῦντα
732 1848 926 1938 Θεόκριτον,
951 1854 978 1918 εἰ
1000 1853 1060 1938 μὲν
1083 1845 1131 1939 ἔμ’
1149 1852 1240 1939 ’ἔχθει

281 1949 416 2042 τετράκι
438 1959 577 2042 μισοίης,
601 1957 628 2021 εἰ
652 1958 687 2022 δὲ
709 1963 806 2038 φιλεῖ,
830 1957 974 2038 φιλέοις·

215 2061 302 2144 ναιγὶ
325 2058 410 2144 πρὸς
432 2054 592 2144 εῦχαὶτεεο
616 2058 841 2144 Γανυμήδεος,
865 2053 999 2144 οῦράνιε
1022 2064 1102 2126 Ζεῦ·

281 2163 337 2226 καὶ
362 2160 402 2227 σύ
426 2154 502 2227 ποτ’
517 2155 669 2249 ἠράσθης
691 2201 733 2209 -
757 2156 868 2227 οῦκὲτι
891 2161 1001 2247 μακρὰ
1023 2163 1119 2247 λέγοο.

130 2300 266 2364 alterum
289 2298 495 2383 Eratostheni
518 2297 710 2364 soholastioo
733 2298 931 2380 assignatum
955 2297 1004 2381 (Α.
1020 2298 1054 2363 Ρ.
1069 2299 1123 2380 VI,
1141 2298 1208 2384 78):

221 2411 287 2491 Τὠς
310 2413 438 2500 τρητώς
462 2413 616 2492 δόνακας,
640 2413 679 2478 τὸ
703 2408 804 2491 νάκος
827 2413 906 2479 τόδε
927 2411 991 2479 τάν
1014 2439 1049 2479 τε
1073 2414 1226 2500 κορύναν

282 2510 384 2593 dudae
407 2518 494 2583 Πανὶ
518 2519 617 2600 φίλῳ,
641 2515 749 2599 Alcimus
771 2519 1004 2601 γυναικοφίλα.

215 2607 243 2686 οῦ
266 2618 350 2699 Πὰν,
374 2620 512 2703 δέχνυσο
537 2621 628 2703 δῶρα
650 2617 694 2684 τὰ
716 2618 898 2699 Δάφνιδος·
922 2616 976 2684 ἶσα
999 2613 1061 2704 γὰρ
1086 2614 1181 2707 αὐτῷ

282 2724 338 2787 καὶ
359 2718 496 2805 μολπὰν
519 2725 642 2803 φιλέεις
665 2723 721 2785 καὶ
745 2719 891 2806 δύσερως
913 2724 1072 2800 τελέθεις.

128 2861 266 2942 tertium,
297 2858 382 2943 quod
405 2859 630 2924 Reitzenstein.
652 2859 672 2923 l.
694 2859 713 2922 l.
736 2880 765 2943 p.
787 2861 847 2924 190
877 2866 1007 2945 propter
1039 2862 1177 2926 similem
1211 2862 1298 2956 finem

129 2961 360 3027 demonstravit
392 2961 440 3045 (A.
463 2961 496 3024 P.
519 2961 556 3043 V,
581 2961 653 3044 167)
685 2961 837 3044 cuiusque
867 2968 979 3028 auotor
1009 2962 1221 3047 Asclepiades
1251 2962 1298 3048 (of.

128 3063 262 3129 Theocr.
278 3062 349 3144 VII,
364 3063 418 3146 40)
442 3062 555 3127 fertur:

212 3192 317 3277 Ῥετὸς
339 3184 381 3286 ἦν
403 3199 459 3262 καὶ
482 3194 552 3279 νύξ,
576 3199 631 3262 καὶ
653 3195 693 3262 τὸ
716 3200 831 3282 τρίτον
855 3191 955 3282 ἄλγος
979 3197 1088 3284 ἐ’ροντι,

282 3296 384 3379 οἶνος,
408 3301 464 3364 καὶ
487 3301 618 3384 Βορέης
640 3298 776 3384 ψυχρός,
798 3297 863 3385 ἐγώ
885 3300 921 3365 δὲ
943 3299 1055 3385 μόνος.

215 3395 285 3468 ἀλλ’
308 3405 329 3469 o‘
351 3401 454 3480 καλὸς
475 3399 596 3486 μόσχος
618 3403 725 3467 πλέον
748 3403 851 3486 ἴσχυε·
877 3404 932 3466 καὶ
956 3401 996 3468 οὐ
1019 3403 1080 3489 γὰρ
1103 3399 1214 3482 οὕτως

281 3501 414 3592 ἤλυθες,
439 3497 518 3570 οῦδὲ
540 3501 652 3588 θῦρην
675 3501 761 3589 πρὸς
782 3507 862 3587 μίαν
882 3501 1047 3589 ὴσῦχασας
1068 3545 1109 3552 -

215 3607 292 3690 τῇδε
314 3600 449 3673 τοσοῦτ’
466 3606 585 3692 ἐβόησα
609 3607 825 3693 βεβρεγμένος
849 3649 888 3657 -
914 3600 985 3691 ἄχρι
1008 3609 1110 3687 τίνος,
1135 3613 1217 3690 Ζεῦ;

283 3714 348 3775 Ζεῦ
372 3712 456 3791 φίλε,
480 3711 628 3794 σίγησον,
651 3702 775 3786 audrie
798 3709 881 3792 ἐρᾶν
904 3708 1033 3793 ἔμαθες.

215 3847 367 3911 Attamen
400 3868 441 3911 ex
471 3848 531 3912 hoo
560 3846 699 3912 looorum
730 3867 884 3912 consensu
918 3848 1063 3930 quamvis
1093 3849 1186 3932 miro,
1221 3849 1303 3934 quod

131 3949 215 4013 ultra
237 3970 356 4014 meram
380 3950 592 4015 coniecturam
614 3951 664 4030 sit,
687 3949 862 4032 quidquam
883 3949 968 4016 eliioi
983 3950 1133 4035 nequit1).
1168 3954 1303 4018 Emanat

218 4137 238 4200 ¹)
257 4136 353 4206 Itaque
382 4152 560 4204 quaeeunque
587 4152 631 4189 vv.
654 4135 700 4189 dd.
729 4136 903 4190 coniecerunt
930 4137 965 4192 de
984 4153 1016 4192 ea
1041 4153 1077 4205 ro,
1105 4137 1196 4192 futilia
1226 4155 1303 4210 quum

131 4221 246 4275 manime
264 4225 327 4274 sunt
346 4224 374 4274 ot
392 4221 541 4288 reicienda;
566 4220 627 4290 quis
646 4221 716 4274 enirn
735 4237 797 4274 oum
814 4220 869 4275 fide
888 4222 987 4276 dixerit
1005 4222 1072 4276 illud
1090 4223 1178 4292 epigr.
1197 4224 1303 4278 omnino

133 4320 194 4360 ease
212 4306 429 4374 Cthmucheum,
448 4306 508 4374 quis
527 4322 592 4360 vero
611 4306 686 4359 illum
706 4299 859 4376 Θεόκριτον
876 4307 904 4360 in
922 4308 1007 4377 epigr.
1026 4307 1138 4362 citatum
1156 4308 1231 4364 huno
1248 4323 1305 4364 esso
