2866 4822
132 256 173 320 62

132 423 260 489 demum
282 426 315 489 in
337 426 421 491 buno
445 425 587 490 ordinem
616 427 934 508 oouiunotionemque
961 425 1109 493 redactos
1138 447 1224 508 esse,
1249 427 1300 493 sed

131 527 287 611 principio
309 528 376 592 alia
406 528 614 611 dispositione
644 529 772 611 alioque
804 529 936 594 oonsilio
966 530 1102 614 scriptos
1132 529 1234 595 fuisse
1256 532 1301 595 vel

131 629 270 693 maxime
293 630 497 712 oonspiouum
520 634 569 694 est
596 634 628 693 et
651 650 744 694 versu
768 628 854 714 76¹),
884 629 969 712 quod
999 629 1092 696 deest
1120 631 1207 696 inter
1237 653 1299 697 eum

131 751 257 796 versum
280 736 312 795 et
334 731 562 797 anteoedentes
585 753 677 796 omne
691 731 851 796 vinculum
873 753 934 796 non
953 733 1057 799 minus
1076 734 1299 799 sententiarum

132 853 226 915 quam
249 833 430 914 verborum,
460 839 493 898 et
521 853 616 898 versu
646 835 700 915 63,
730 832 815 915 quod
838 834 1004 898 Menalcae
1035 839 1070 899 ut
1101 834 1237 919 opilioni
1265 836 1301 901 ad

131 935 356 1000 Theooriteam
387 935 515 1017 quidem
544 936 699 1000 rationem
727 935 898 1000 dicendum
925 957 988 1001 non
1015 936 1077 1001 fuit
1104 937 1147 1001 de
1175 938 1300 1019 oapellis

131 1037 181 1118 (os.
197 1059 226 1122 p.
242 1040 282 1102 52
295 1037 388 1121 sqq.);
411 1058 504 1121 quem
527 1058 653 1102 versum
677 1038 802 1102 etiamsi
826 1038 914 1123 apud
929 1039 1104 1104 stobaeum
1121 1038 1201 1125 (flor.
1215 1043 1262 1122 78,
1274 1040 1299 1124 2)

131 1139 284 1204 traditum
308 1141 354 1206 sio
376 1140 555 1206 videamus:

233 1261 346 1341 φεὶθευ
369 1265 438 1324 τῶν
461 1251 585 1344 ἀρνῶν,
609 1263 722 1341 φείδεο
746 1258 825 1328 λύκε
848 1264 917 1327 τῶν
940 1261 1068 1345 ι’ρίφων
1089 1288 1153 1348 μιν

130 1400 294 1445 versamur
315 1381 348 1444 in
374 1380 489 1444 iisdem
519 1382 689 1464 angustiis,
719 1382 779 1446 nisi
810 1382 893 1446 forte
923 1381 1006 1465 (eum
1029 1383 1208 1467 Meinekio)
1238 1387 1298 1448 τῶν

131 1473 244 1564 ἀρνῶν
271 1483 375 1566 priore
404 1483 486 1564 looo,
517 1504 578 1548 non
608 1487 677 1547 τῶν
701 1485 828 1569 ἐρίφων
858 1485 961 1550 altero
993 1485 1061 1550 looo
1093 1487 1127 1549 in
1157 1486 1297 1570 idyllium

130 1586 308 1669 recipimus,
331 1584 416 1668 quod
439 1607 478 1649 ne
500 1585 668 1666 faciamus,
691 1588 815 1651 ratione
835 1586 1035 1670 impedimur.
1065 1589 1183 1671 Itaque
1200 1590 1297 1653 neseio

129 1708 170 1784 an
197 1708 231 1751 re
254 1709 330 1752 vena
359 1707 469 1753 versus
499 1689 625 1753 63-76
657 1688 793 1753 diverbii
823 1693 932 1772 partes
962 1689 1082 1754 fuerint
1111 1689 1296 1755 distributae

128 1790 211 1853 inter
234 1790 404 1873 opilionem
429 1794 461 1854 et
483 1791 663 1873 oaprarium
685 1791 746 1856 boo
769 1790 836 1856 fere
859 1790 965 1856 modo:

637 1958 789 2038 αἰπόλος.

172 2081 212 2145 63
235 2081 350 2160 opsides
372 2084 443 2144 τῶν
466 2081 604 2163 ἐρίφων,
628 2082 751 2163 φείδεο,
778 2080 870 2160 λύκε,
894 2085 957 2146 τᾶν
980 2079 1142 2148 τοκάθων
1162 2108 1232 2168 μευ,

173 2184 215 2247 64
235 2174 310 2269 μήθ’
323 2175 429 2247 οἷδὶκιι
450 2175 482 2266 μ’
500 2175 552 2248 ὅτι
573 2178 691 2267 μικκός
714 2181 781 2248 suiv
801 2189 979 2249 πολλαῖσιν
1003 2175 1165 2269 oposeta.

651 2351 783 2440 ποιμήν.

172 2475 212 2538 65
231 2458 264 2538 ὦ
287 2470 469 2556 Λάμπουρε
492 2470 586 2552 κύον,
610 2467 703 2538 οὕτω
724 2467 833 2553 βαθύς
855 2467 964 2551 ὕπνος
987 2469 1049 2557 ἔχει
1072 2498 1133 2552 τυ,·

173 2577 213 2641 66
237 2566 278 2639 οὐ
300 2579 362 2662 χρῆ
384 2578 566 2660 κοιμᾶσθαι
589 2576 721 2655 βαθέως
744 2572 806 2640 οὐν
828 2576 923 2641 παιδὶ
947 2576 1101 2660 νέμοντα.

638 2727 790 2804 αἰπόλος.

172 2849 213 2912 69
236 2848 331 2912 σίττα
353 2848 505 2926 νέμεσθε,
528 2847 679 2931 νέμεσθε,
701 2845 744 2912 τὰ
767 2837 795 2908 δ’
811 2841 945 2911 οὔθατα
967 2845 1118 2934 attinere
1140 2851 1253 2928 πᾶσαι,

172 2950 212 3013 76
234 2943 280 3025 ὡς
302 2946 342 3014 τὸ
364 2950 426 3032 μὲν
448 2943 552 3033 ὥρνις
575 2947 702 3032 ἔχωντι,
726 2945 764 3012 τὸ
789 2940 817 3011 δ’
834 2948 866 3022 ἐς
888 2943 1042 3033 ταλάρως
1064 2941 1256 3034 ἄποθῶμαι.

644 3115 777 3206 ποιμήν.

171 3243 211 3306 67
234 3242 289 3304 καί
313 3233 341 3305 d'
357 3235 432 3316 ὄιες,
454 3232 529 3324 μηδ’
545 3231 647 3322 ὔμμες
670 3229 799 3303 ὀκνεῑθ)
816 3229 948 3314 ἁπαλοῖς
971 3239 1180 3321 κορέσασθαι

170 3345 210 3408 68
235 3345 348 3419 ποίας·
372 3335 448 3406 οὔτι
471 3333 634 3425 κομιεῖσθ’,
658 3335 744 3407 ὅκκα
766 3338 872 3406 πάλιν
895 3334 953 3405 ἅδε
977 3338 1111 3425 φύηται.

213 3567 234 3632 ¹)
253 3565 284 3618 In
302 3564 355 3618 lroe
372 3581 453 3619 versu
471 3564 639 3632 ineptissime
657 3557 689 3617 τὸ
707 3567 816 3630 πνεῦμα
834 3564 1046 3632 interpretantur
1069 3567 1117 3631 τῆς
1140 3557 1256 3636 πόρτιος
1272 3568 1295 3618 et

127 3649 214 3705 bouus
232 3651 347 3705 Vossius
366 3651 472 3720 erravit,
492 3667 553 3703 oum
571 3655 690 3704 verteret
708 3667 733 3703 v.
748 3655 792 3703 to:
816 3649 951 3718 ,Lieblinh
975 3650 1010 3704 ist
1028 3649 1077 3703 der
1095 3649 1187 3705 Kalbe
1206 3650 1294 3716 Getbu,

128 3736 183 3790 und
201 3736 310 3790 lieblioh
328 3737 369 3790 ihr
387 3735 494 3804 Odem’,
517 3735 567 3789 sed
585 3735 746 3788 vertendum
771 3740 813 3789 est
830 3741 905 3789 reete
924 3735 976 3788 sio:
995 3733 1130 3803 ,Lieblioh
1149 3740 1240 3790 ertdnt
1256 3735 1295 3788 dio

127 3819 237 3874 Stimme
256 3821 306 3874 des
325 3821 428 3874 Kalbos
446 3820 501 3874 und
520 3820 772 3888 Windosgesiiusol'
791 3819 836 3874 vel
855 3820 922 3888 ,und
940 3819 1050 3874 lieblioh
1068 3819 1114 3874 die
1133 3819 1236 3876 Flute’.
1261 3813 1312 3872 tu

127 3907 235 3972 πνεῦμα
253 3905 336 3974 igitur
361 3905 456 3959 eadem
474 3903 532 3958 fere
550 3905 577 3957 vi
595 3897 845 3972 aooipiendum'est
862 3920 894 3958 ao
912 3898 1076 3974 φιθύρισμα
1094 3905 1116 3972 i,
1133 3909 1154 3973 1,
1181 3906 1232 3960 sod
1248 3921 1294 3960 am·

126 3990 235 4059 bigitan,
259 3995 349 4044 utrum
373 3990 466 4043 flatum
491 3989 588 4043 lenium
607 3995 749 4044 ventorum
771 4021 804 4027 -
828 4006 888 4043 nam
906 3990 935 4042 in
959 4005 992 4044 eo
1017 4005 1129 4059 quoque
1154 3997 1199 4045 est
1222 3983 1294 4060 φωνή

127 4074 160 4129 of.
174 4075 194 4144 Ι,
209 4081 219 4130 1
235 4092 294 4145 sqq.
314 4107 346 4113 -
365 4090 398 4127 an
416 4075 523 4129 fistulae
541 4076 762 4143 interpretemur;
786 4076 860 4143 prius
879 4082 968 4129 tamen
993 4079 1023 4128 ut
1040 4075 1128 4144 magis
1146 4075 1295 4132 eondioioni

127 4166 337 4216 consentaneum
356 4160 549 4224 anteferamus;
573 4175 633 4213 nam
653 4162 699 4228 qui
717 4160 823 4213 fervida
841 4164 945 4214 aestate
964 4159 1016 4214 sub
1035 4160 1101 4214 divo
1126 4168 1252 4231 moratur,
1273 4160 1294 4214 ei

127 4251 268 4301 ventorum
287 4246 366 4299 flatus
385 4251 413 4298 et
431 4260 545 4311 eorpora
563 4244 726 4312 refrigerans
745 4249 772 4297 et
795 4261 936 4298 susurrans
959 4246 986 4297 in
1007 4244 1134 4298 arborum
1157 4245 1294 4301 frondibus

126 4332 336 4387 iucundissimus
349 4335 397 4385 est.
416 4329 456 4384 Cf.
469 4329 556 4384 Thuo.
568 4329 616 4397 IV,
629 4334 661 4383 26
675 4333 793 4397 (πνεῦμα
806 4354 837 4374 =
851 4333 969 4397 ventus).
981 4359 1015 4368 -
1028 4329 1110 4399 Verg.
1121 4331 1257 4401 eol.V,82.
1265 4357 1294 4371 -
