2866 4822
1260 249 1301 312 93

125 414 232 502 πικρὰ
252 410 336 501 χολὴ
359 417 443 482 ποτὲ
465 416 525 501 μὲν
547 413 660 500 πυρρὰ
682 417 834 497 φαίνεται
850 418 992 499 μᾶλλον,
1015 416 1098 481 ποτὲ
1122 417 1157 482 δὲ
1179 412 1301 500 ξανθή,

125 517 291 596 πολλάκις
315 510 397 584 ὁίίν
419 538 472 584 σοι
495 521 551 583 καὶ
574 511 666 602 αίχρά
688 516 815 600 δόξειεν
838 513 922 583 εἶναι
939 539 945 550 ·
963 522 1144 603 λευκοτέρα
1165 520 1225 602 μὲν
1245 520 1302 583 καὶ

125 622 363 708 θολωδεστίρα
386 624 544 709 γινομένη
571 616 698 707 πυρρὰ,
726 624 906 703 στίλβουσα
934 622 968 687 δὲ
995 623 1051 686 καὶ
1077 623 1301 707 καθαρωτέρα

125 718 254 812 ξανθή.
278 716 359 791 ὅσον
383 717 498 790 δ’ίοτι
528 721 567 790 τὸ
597 722 729 810 πυρρὸν
760 728 824 790 τοῦ
854 728 985 805 ξανθοῦ
1016 719 1219 810 λευκότερον
1247 748 1303 789 το-

126 831 254 892 σοῦτον
285 827 417 893 ἐκείνου
447 824 486 893 td
517 818 627 912 ὠχρόν
647 848 653 862 ·
676 818 757 893 ὅσον
787 819 816 892 d'
840 819 881 891 ίίν
910 823 1015 892 πάλιν
1044 827 1148 916 ἦττον
1179 824 1302 894 λευκόν

126 927 197 995 ἐστι
233 924 274 994 τὸ
315 925 446 1012 ξανθὸν
486 934 550 995 τοῦ
592 927 739 1014 πύρρου,
781 932 947 995 τοσοῦτον
987 934 1050 995 τοῦ
1090 934 1222 1012 ξανθοῦ
1263 927 1302 996 τὸ

126 1030 285 1117 ἐρυθρόν.
308 1072 351 1080 -
373 1035 526 1098 Attamen
546 1055 616 1098 eam
635 1033 902 1117 significationem
923 1032 1101 1118 (etrohgelb
1117 1064 1160 1087 =
1175 1033 1303 1100 couleur

127 1135 168 1200 de
201 1136 302 1221 paille
331 1167 365 1192 ω
395 1136 595 1202 flacheblond
625 1167 667 1190 z
696 1137 825 1201 couleur
856 1136 973 1201 blonde
1003 1135 1044 1201 de
1073 1136 1136 1222 lin)
1173 1137 1303 1202 minime

127 1239 229 1304 solam
252 1241 281 1304 ei
304 1241 376 1305 voci
399 1241 530 1305 euberse
552 1239 669 1305 docent
695 1240 856 1323 exempla,
882 1260 966 1323 quae
992 1260 1075 1305 nuno
1102 1241 1303 1325 colligamus:

128 1342 214 1406 color
251 1343 346 1406 ruber
379 1342 581 1426 perhibetur,
614 1362 684 1406 cum
718 1340 799 1406 dicit
830 1341 916 1406 idem
950 1342 1061 1407 Galen.
1094 1336 1223 1426 πυρρὸς
1257 1335 1303 1419 ὡς

126 1439 317 1529 σανδαράχη
340 1445 393 1510 vel
415 1441 549 1528 πυρρὸν
571 1439 611 1508 τὸ
633 1445 879 1529 προσκείμενον
900 1441 940 1509 τὸ
968 1443 1152 1538 αίρατῶδες
1174 1444 1302 1530 (rbtlich

127 1577 169 1600 =
191 1547 384 1632 rougefatre).
424 1548 544 1613 Moeoh.
564 1548 597 1611 ΙΙ
620 1546 734 1633 (Eur),
758 1549 811 1612 71:
841 1539 981 1632 ἀγλαίην
1010 1560 1153 1630 πυρσοῖο
1184 1545 1304 1632 ῥόθου;

127 1651 165 1715 cf.
185 1649 229 1714 id.
250 1649 327 1714 ibid.
347 1672 376 1715 v.
396 1652 449 1715 68:
480 1655 624 1731 ξανθοῖο
654 1647 791 1734 κρόκου.
836 1650 982 1732 Itemque
1004 1650 1093 1715 Arat.
1117 1652 1191 1716 798:
1221 1673 1304 1733 πυρ-

126 1749 257 1835 ραίτερα
280 1753 490 1833 φοινίσοοιτο
514 1753 676 1818 intellexit
699 1753 829 1817 rubrum
851 1752 992 1835 itemque
1015 1753 1146 1818 Aristot.
1169 1753 1249 1817 796ει
1271 1756 1303 1818 2:

126 1850 248 1937 μικρὸν
271 1853 551 1934 ἑπιφοινικίζουοι
574 1855 630 1918 καὶ
654 1855 806 1939 γίνονται
827 1855 951 1937 πυρροί
974 1858 1072 1937 atque
1087 1853 1304 1919 verisimiliter

127 1957 225 2020 etiam
248 1955 365 2022 Herod.
386 1957 444 2038 Ill,
466 1958 540 2021 139:
568 1957 711 2039 χλανίδα
739 1954 873 2043 πυρρήν
895 1957 1038 2020 nominat
1067 1957 1200 2040 pallium
1230 1977 1304 2041 pur·-

126 2079 268 2142 pureum.
292 2095 330 2104 -
356 2057 481 2123 Deinde
505 2059 591 2124 color
614 2059 710 2123 ruber
733 2058 944 2142 languescens
966 2060 999 2123 in
1021 2060 1144 2143 gilvum
1167 2080 1245 2125 voce
1267 2082 1302 2123 π.

125 2161 339 2244 significatur:
360 2162 511 2245 Hippocr.
526 2183 556 2246 p.
572 2163 643 2243 663,
658 2164 713 2226 20:
736 2153 807 2246 ρίου
829 2155 869 2226 τὸ
892 2159 1024 2247 πυρρόν
1046 2192 1089 2216 =
1111 2163 1163 2228 ovi
1184 2162 1304 2227 luteum

127 2262 294 2348 (rotgelb);
327 2262 370 2327 id.
394 2284 504 2348 progn.
528 2285 558 2348 p.
580 2266 635 2329 40:
675 2261 808 2348 πυρρὸν
838 2257 944 2348 οὖρον
974 2295 1016 2319 z
1046 2265 1151 2335 rufam
1180 2267 1304 2330 urinam

127 2366 268 2451 (rubram
291 2367 390 2431 vertit
413 2367 523 2432 Celsus
547 2369 575 2448 2,
591 2367 637 2451 6);
668 2366 710 2431 id.
731 2367 867 2451 epidem.
889 2389 919 2451 p.
941 2370 1024 2433 1164
1039 2369 1079 2433 F:
1108 2370 1238 2451 ψαμμία
1267 2391 1304 2432 τε

125 2466 239 2552 πυρροί
261 2463 451 2550 ὑφίσταται.
496 2471 729 2552 Nonnunquam
752 2493 786 2535 π.
806 2471 935 2554 ponitur
957 2475 1122 2554 tamquam
1144 2492 1207 2537 vox
1230 2490 1304 2554 syn-

126 2591 245 2655 onyma
266 2592 337 2637 cum
360 2569 501 2653 ξανθόςῑ
524 2573 655 2638 Aristot.
671 2573 812 2656 Metaph.
829 2575 931 2638 1054b
948 2576 1000 2639 13:
1020 2567 1142 2658 χρυσὸς
1164 2574 1200 2638 δὲ
1222 2574 1303 2657 πυρὶ

125 2661 144 2756 ᾗ
166 2670 300 2755 ξανθὸν
322 2675 378 2738 καὶ
400 2672 549 2759 πυρρόν;
572 2676 611 2741 cf.
634 2675 676 2740 id.
699 2700 733 2740 π.
747 2672 935 2760 χρωμάτων
960 2677 1041 2741 791⁸
1059 2678 1092 2740 4:
1114 2672 1154 2740 τὸ
1178 2677 1213 2741 δὲ
1235 2679 1303 2760 πῦρ

126 2778 182 2840 καὶ
213 2777 231 2842 ὁ
262 2770 355 2863 ἥλιος
385 2775 512 2858 ξανθοί·
541 2778 693 2861 Bacchyl.
714 2779 773 2862 frg.
793 2780 834 2843 25
865 2778 917 2863 (cf.
937 2781 1112 2863 Pomptow.
1136 2784 1219 2862 poet.
1243 2779 1303 2861 lyr.

127 2879 179 2943 Gr.
196 2880 269 2944 min.
286 2880 346 2964 II):
367 2883 479 2969 ξανθᾷ
502 2882 619 2964 φλογί·
645 2881 696 2946 hie
719 2883 818 2965 igitur
841 2883 998 2963 exemplis
1025 2880 1150 2947 duobus
1176 2877 1304 2962 ξανθός

126 2982 264 3047 colorem
298 2984 382 3066 ignis
416 2983 585 3066 significat.
615 3021 656 3029 —
685 2984 751 3050 Sed
779 2985 879 3049 multo
910 2985 1039 3069 saepius
1066 3008 1101 3049 ιι.
1132 2989 1304 3068 usurpatur

126 3085 170 3151 ad
194 3086 455 3170 distinguendum
485 3088 623 3153 colorem
653 3089 800 3172 crinium,
829 3090 966 3174 primum
995 3090 1185 3170 bestiarum,
1215 3087 1305 3153 velut
1395 3116 1397 3120 ³

126 3190 259 3254 Aristot.
292 3213 327 3254 ιι.
359 3186 457 3275 ζρίιον
491 3214 557 3274 γεν.
591 3193 672 3257 78512
700 3195 752 3258 17:
787 3193 921 3269 λέοντες
954 3193 1079 3275 πυρροί
1113 3189 1238 3266 πάντες
1271 3196 1304 3255 et

126 3291 263 3357 Theoor.
285 3292 328 3356 id.
351 3294 454 3374 XXV,
476 3295 552 3358 244:
585 3295 708 3376 apponi
740 3286 769 3359 δ’
792 3291 930 3378 ἐ’φριξαν
962 3292 1089 3374 ἔθειραι
1119 3293 1173 3378 (de
1203 3294 1305 3359 leonis

126 3394 231 3479 iuba);
261 3396 347 3484 color
369 3396 468 3479 igitur
490 3396 574 3461 flavo
597 3397 749 3481 pallidior
772 3396 942 3481 (sahlgelb)
973 3402 1103 3462 notatur
1133 3397 1195 3461 hac
1225 3415 1303 3461 voce

127 3498 237 3582 (Verg.
260 3497 338 3563 Aen.
361 3499 406 3562 lV
440 3499 626 3563 denominat
659 3499 782 3565 fulvum
815 3501 939 3564 leonem
968 3536 1011 3546 --
1040 3499 1217 3582 braungelb
1240 3498 1304 3582 -).

126 3601 262 3683 Theocr,
284 3602 339 3684 IV,
354 3604 407 3666 20:
439 3591 456 3665 ὁ
480 3606 603 3685 ταῦρος
627 3595 644 3667 ὁ
668 3601 831 3687 πύρριχος
861 3602 1013 3688 (incertus
1043 3601 1138 3685 color,
1168 3603 1304 3667 fortasse

125 3703 243 3768 rutilus
266 3703 349 3789 bos);
371 3704 414 3768 id.
433 3706 503 3786 XV,
519 3708 573 3770 53:
587 3697 706 3796 ,ὀρθός
729 3697 850 3770 ιίνέστα
874 3696 892 3769 ὁ
915 3701 1044 3789 πυρρός
1066 3704 1108 3770 de
1130 3725 1221 3788 eque,
1247 3704 1305 3770 sed

125 3805 314 3890 ambiguum
344 3812 401 3889 est,
431 3814 536 3872 utrum
566 3813 728 3873 vertamus
758 3809 836 3890 ,Der
866 3809 986 3874 Fuohs'
1007 3838 1050 3862 =
1073 3809 1241 3890 ‚l'alezan’,
1269 3812 1305 3872 ut

125 3910 235 3992 vulgo,
257 3930 299 3973 an
321 3908 392 3991 ,der
416 3911 529 3975 Falbe’
551 3940 594 3964 =
615 3910 743 3993 ‚cheval
766 3911 890 3976 isabel'.
934 3910 1026 3976 Idem
1052 3912 1141 3976 valet
1167 3909 1208 3976 de
1231 3912 1305 3976 Eur.

126 4012 233 4096 Iphig.
249 4012 320 4076 Aul.
336 4013 410 4077 225:
433 4010 657 4098 πυρσότριχας
679 4011 826 4091 πώλους.
848 4051 890 4060 —-
911 4014 1043 4080 Aristot.
1065 4038 1100 4078 π.
1116 4010 1304 4099 χρωμάτων

125 4115 265 4180 797b1:
298 4112 488 4199 τριχαίματα
520 4112 623 4181 λευκὰ
653 4117 708 4180 καὶ
738 4109 821 4199 card
850 4117 907 4181 καὶ
940 4112 1054 4202 πυρροί
1087 4117 1144 4181 καὶ
1177 4117 1305 4201 μέλανα
1412 4169 1414 4172 ,

125 4218 202 4303 (hoc
232 4217 303 4283 loco
333 4215 445 4302 πυρριί
480 4219 616 4285 fortasse
646 4240 716 4285 cum
747 4219 981 4303 significatione
1011 4217 1122 4301 ξανθοί
1152 4220 1305 4303 scriptum

124 4320 204 4408 est);
228 4320 345 4386 deinde
361 4319 490 4407 πυρρός
507 4322 668 4388 hominum
688 4322 814 4407 capillis
834 4322 1034 4389 attribuitur:
1057 4323 1188 4389 Aristot.
1203 4322 1306 4410 probl.
