2866 4822
1194 267 1235 331 79

56 430 278 515 appellaverit
299 435 499 510 βουκολικᾶς
520 431 615 517 (gen.)
626 433 660 515 ¹),
683 434 743 498 hoc
766 433 932 517 epitheton
954 433 1149 500 tralaticium
1173 434 1238 499 usi·

56 538 228 619 tatumque
251 535 350 601 fuisse
373 540 406 601 et
428 541 503 601 ante
527 535 578 621 (cf.
594 534 637 600 id,
653 536 722 616 VH,
738 538 778 601 27
794 535 874 620 sqq.)
895 543 1016 620 etpost
1031 537 1237 603 Theocritum

56 657 163 720 neque
186 639 291 704 minus
318 643 393 723 apte
416 639 527 704 Musae
554 659 649 721 quam
676 639 810 704 carmini
839 639 907 704 eius
938 639 978 704 de
1009 659 1070 722 quo
1101 638 1237 705 dicimus

57 741 188 824 generis
214 740 348 807 attribui
375 741 518 826 potuisse
544 741 773 807 existimamus.
817 741 901 819 Quin
929 742 1026 806 etiam
1053 743 1099 806 ita
1125 743 1237 806 tritum

57 841 141 906 illud
163 841 293 908 videtur
315 843 414 909 fuisse
436 844 573 927 posteris
595 842 836 928 temporibns2),
865 849 900 908 ut
922 843 1072 910 Moschus
1099 844 1237 910 noluerit

57 945 201 1011 scribere
223 946 433 1011 Βουκολικαὶ
456 951 588 1028 Μοῖσαι,
610 945 668 1011 sed
690 946 840 1010 maluerit
862 946 920 1028 ΙΙΙ,
936 949 955 1011 8
971 967 1039 1029 sqq.
1062 947 1236 1011 Σικελικαὶ

57 1052 202 1125 Meroua
232 1044 407 1124 Σικελικός
437 1049 521 1113 enim
543 1049 603 1115 hoc
625 1048 694 1114 loco
718 1048 799 1112 nihil
821 1047 911 1113 aliud
938 1068 1008 1114 esse
1035 1054 1133 1132 atque
1160 1052 1237 1127 βου-

58 1145 196 1226 κολικός
226 1150 332 1215 elucet
362 1171 433 1216 cum
456 1171 497 1216 ex
519 1150 592 1216 aliis
618 1151 713 1216 rebus
744 1155 810 1214 tum
842 1172 882 1216 ex
913 1149 1057 1216 eiusdem
1087 1152 1236 1217 carminis

58 1264 154 1318 versu
179 1254 253 1317 122:
281 1247 465 1318 Σικελικόν
486 1277 518 1317 τι
542 1253 667 1336 λίγαιιιε
690 1254 747 1316 καὶ
770 1242 833 1318 ἁδύ
860 1277 892 1317 τι
915 1249 1160 1332 βουκολιάαδευ
1187 1259 1237 1318 at-

59 1376 122 1438 que
153 1355 252 1420 etiam
283 1377 323 1420 ex
353 1356 448 1440 Verg.
471 1356 528 1421 ecl.
551 1356 605 1437 IV,
626 1358 657 1420 1:
687 1355 857 1437 ‚Sicelides
889 1357 1020 1421 Musae’.
1065 1358 1150 1439 Ergo
1179 1356 1237 1421 illa

58 1456 280 1542 appellatione
296 1459 454 1523 communi
468 1479 571 1541 neque
587 1458 742 1541 singulari
761 1456 805 1522 ad
825 1458 1058 1542 explorandum
1073 1467 1236 1525 auctorem

59 1559 182 1644 epilogi
205 1559 434 1625 adminiculum
457 1581 517 1626 non
540 1562 720 1645 praebetur.

144 1680 194 1745 Ac
215 1700 256 1745 ne
272 1679 374 1745 Hiller
394 1680 523 1764 quidem
546 1701 649 1763 ,omne
668 1680 743 1745 tulit
762 1686 914 1764 punctum
922 1683 937 1763 ²,
960 1682 1014 1764 qui
1034 1682 1236 1766 coniecerit)

59 1787 224 1848 auctorem
246 1783 349 1867 partis
370 1783 494 1867 primae
516 1787 550 1848 et
571 1789 736 1848 extremae
758 1783 852 1848 huius
879 1783 986 1867 idyllii
1014 1784 1114 1849 fuisse
1140 1804 1237 1848 unum

59 1885 222 1950 hominem
245 1905 380 1968 eumque
403 1885 605 1951 collectorem
628 1886 769 1968 aliquem
791 1885 1021 1966 bucolicorum3
1049 1907 1068 1951 a
1095 1907 1157 1969 quo
1181 1908 1237 1951 ex-

59 1993 179 2053 tremos
210 2006 320 2053 versus
350 1988 476 2053 nomine
503 1988 668 2053 Theocriti
695 1987 841 2054 conditos
870 2008 940 2054 esse
970 1994 1133 2072 tamquam
1163 2009 1237 2054 con-

60 2089 235 2155 clusionem
266 2089 364 2154 totius
395 2089 593 2155 collectionis
621 2089 677 2154 ille
707 2090 854 2155 similiter
884 2111 922 2155 ac
945 2091 1140 2156 Fritzschius
1170 2091 1238 2174 opi·

60 2198 156 2258 natus
179 2195 236 2258 est.
280 2193 363 2257 Nam
385 2193 479 2277 primi
504 2199 536 2258 et
559 2193 695 2257 extremi
718 2213 829 2258 versus
856 2192 963 2277 idyllii
992 2198 1145 2276 quantum
1167 2199 1237 2258 arte

60 2301 92 2360 et
115 2295 261 2360 oratione
283 2295 366 2359 inter
388 2315 422 2360 se
450 2294 614 2377 differant,
641 2296 801 2360 hominem
829 2296 946 2362 litteris
969 2296 1101 2362 Graecis
1131 2296 1237 2361 erudi-

61 2404 128 2463 tum
150 2398 207 2462 vix
230 2397 331 2462 fallet.
375 2398 481 2481 Atque
509 2398 629 2482 epilogi
655 2418 766 2464 versus
793 2399 1011 2484 bellissimel),
1039 2399 1163 2464 exordii
1190 2399 1237 2464 in-

61 2501 227 2583 eptissime
249 2500 360 2585 scripti
383 2507 465 2581 sunt,
494 2501 528 2565 in
557 2501 622 2566 illis
649 2500 763 2566 saltem
793 2507 908 2585 politae
939 2502 1094 2586 spiritum,
1124 2503 1156 2566 in
1186 2503 1237 2567 his

61 2602 264 2686 grammatici
294 2601 429 2668 alicuius
459 2608 625 2668 centonem
652 2602 807 2668 videmus.
852 2604 973 2682 Quodsi
1001 2625 1076 2669 vere
1099 2604 1237 2668 Artemi-

62 2704 159 2771 dorus
181 2711 239 2769 aut
260 2706 366 2770 nescio
390 2706 461 2788 quis
483 2726 597 2772 novem
619 2706 684 2772 illis
707 2707 852 2772 versibus
868 2707 1020 2791 (as-36)
1043 2712 1145 2772 totam
1168 2727 1237 2772 car-

61 2809 181 2872 minum
197 2807 416 2873 collectionem
432 2807 621 2873 concludere
642 2813 739 2890 atque
759 2830 914 2892 peragere
931 2809 1093 2892 voluisset,
1116 2809 1237 2890 dubito,

61 2931 104 2975 an
125 2910 225 2974 multo
249 2910 366 2975 clarius
388 2915 421 2974 et
446 2911 550 2976 minus
577 2910 720 2976 obscuris
742 2912 849 2976 verbis
876 2910 911 2975 id
938 2910 1024 2994 quod
1047 2912 1148 2976 voluit
1170 2911 1237 2977 dic-

61 3017 152 3077 turus
176 3012 280 3076 fuerit.
324 3012 432 3077 Verba
454 3013 537 3077 enim
565 3013 636 3097 ipsa
663 3015 907 3096 sententiaeque
937 3014 1032 3078 huius
1061 3014 1162 3097 partis
1190 3014 1238 3078 ita

63 3136 124 3182 non
147 3115 264 3181 idonea
285 3121 367 3197 sunt,
390 3115 562 3198 exquibus
585 3136 624 3180 ea
647 3117 831 3181 coniectura
853 3117 1008 3200 capiatur,
1031 3121 1066 3180 ut
1086 3117 1116 3180 ei
1131 3118 1237 3200 potius

61 3221 250 3303 repugnent.
294 3218 431 3296 Quinam
453 3224 526 3283 sunt
553 3216 763 3301 intellegendi
790 3231 898 3283 κεῖνοι
920 3230 1034 3302 νομεῖς
1057 3219 1143 3302 (Zbl‘l
1187 3220 1236 3283 An

62 3321 85 3385 ii
109 3320 165 3404 qui
187 3321 220 3384 in
242 3319 303 3386 hoc
325 3319 440 3404 idyllio
463 3318 689 3404 producuntur,
706 3321 852 3404 Daphnis
875 3325 908 3385 et
923 3321 1105 3386 Menalcas?
1128 3322 1237 3385 Enim-

62 3443 137 3489 vero
160 3423 230 3488 fieri
251 3443 312 3488 non
334 3427 450 3507 potest,
476 3428 512 3487 ut
534 3434 641 3487 κεῖνοι
663 3435 775 3505 νομεῖς
802 3422 845 3488 ad
873 3443 982 3488 omnes
1004 3425 1143 3488 omnium
1167 3445 1236 3489 car-

62 3526 183 3591 minum
205 3529 350 3610 pastores
373 3529 409 3588 ut
430 3530 556 3609 oportet
578 3524 771 3589 referantur!
816 3528 897 3590 Tum
920 3525 997 3609 quid
1021 3524 1151 3590 tandem
1175 3527 1237 3591 sibi

61 3628 131 3693 vult
153 3624 273 3711 παρών
296 3619 409 3693 derce?
431 3628 543 3692 Nonne
565 3628 625 3692 hoc
648 3627 822 3692 absurdum
846 3634 903 3711 est,
925 3629 952 3694 si
975 3627 1010 3692 id
1033 3627 1118 3710 quod
1135 3629 1238 3693 Hiller

148 3813 170 3881 ¹)
189 3813 269 3867 Errat
285 3813 370 3882 igitur
387 3813 414 3867 in
431 3814 483 3868 hac
500 3830 529 3869 rc
548 3818 576 3868 ct
594 3814 653 3882 ipsc
672 3813 787 3869 Croiset.
799 3814 817 3868 l.
830 3815 847 3868 I.
861 3816 894 3884 V,
913 3832 939 3883 p.
955 3818 1026 3869 184³:
1045 3815 1238 3883 «l'erpression

62 3899 240 3953 Bovxclrxul
259 3899 376 3964 Μοῖσαι,
395 3899 441 3967 qui
459 3901 529 3954 n’est
546 3915 595 3967 pas
614 3899 648 3952 de
667 3898 693 3952 la
710 3898 811 3967 langue
829 3900 864 3953 de
883 3898 1054 3955 Theocrite».

146 3987 170 4051 ²)
188 3984 277 4037 Etiam
295 3983 473 4053 interpolator
490 3986 518 4038 in
535 3985 571 4038 id.
585 3984 659 4051 VIII,
674 3989 706 4038 32
724 3985 854 4053 repetivit
871 3984 939 4038 illud
957 3979 1135 4055 βαυκαλικάν
1152 4001 1237 4055 appo-

61 4070 144 4124 situm
161 4069 199 4123 ad
218 4061 326 4122 ἀοιδάν.

147 4156 170 4223 ³)
190 4153 231 4208 cf.
250 4153 328 4208 Burs.
347 4153 440 4208 Jahrb.
461 4158 525 4208 1883
543 4171 570 4222 p.
584 4159 633 4208 279
648 4170 709 4222 sqq.

149 4241 170 4309 ⁴)
189 4239 261 4294 Item
279 4240 364 4294 sensit
382 4239 416 4294 dc
435 4256 468 4294 ea
485 4245 561 4308 parte
575 4239 667 4293 Didot.
679 4257 706 4308 p.
720 4245 782 4293 450:
801 4240 856 4297 «On
874 4244 1004 4309 ytrouve
1024 4240 1142 4309 quelque
1155 4240 1238 4294 chose

60 4326 96 4380 de
114 4329 190 4380 cette
207 4323 290 4379 noble
307 4324 465 4393 Inspiration
483 4339 537 4393 que
555 4324 660 4395 Virglle
678 4340 694 4377 a
712 4325 735 4378 si
753 4324 816 4379 bien
834 4325 922 4379 sentio
941 4330 969 4379 et
988 4323 1151 4393 exprimes».
1170 4353 1203 4363 -
