2866 4822
201 251 243 316 68

201 422 271 485 vita
303 421 372 484 cius
405 419 636 501 exstinguatur.
686 418 725 481 Iu
757 417 819 483 hac
852 416 952 500 igitur
984 435 1089 480 rerum
1123 413 1312 480 condicione
1343 420 1373 477 et

201 527 390 605 argumento
412 525 558 586 versatur
580 520 692 584 fabula
714 518 922 604 Daphnidca,
951 539 1047 602 quam
1070 516 1200 601 quidem
1228 537 1250 582 a
1272 516 1373 580 Theo·

202 626 282 691 crito
304 629 476 691 tractatam
499 643 727 706 cognoscamus
735 624 767 706 ¹).

287 759 468 826 Redeamus
504 779 587 824 nuuc
623 758 666 823 ad
698 761 821 824 exitum
853 757 961 842 idyllii
995 758 1087 838 VIII,
1123 755 1209 821 unde
1244 755 1375 821 deflexit

202 865 313 929 oratio.
356 864 428 929 Non
451 861 582 927 dubium
606 867 664 942 θεῖ
690 863 767 944 quin
795 862 824 926 is
853 862 908 944 qui
931 880 1042 925 versus
1063 861 1105 923 92
1128 863 1161 924 et
1183 859 1225 924 93
1256 857 1375 924 adscri-

202 968 268 1051 psit
289 967 402 1030 mirum
423 970 577 1049 quantum
597 963 759 1048 discrepet
777 963 819 1028 ah
840 984 880 1028 ea
895 962 1026 1027 fabulae
1041 961 1145 1027 forma
1159 982 1258 1044 quam
1273 961 1375 1025 Theo

203 1070 302 1134 oritus
328 1069 489 1152 expressit
518 1072 616 1150 atque
646 1067 787 1132 excoluit
816 1065 1022 1145 carminibus,
1051 1069 1089 1129 ut
1117 1084 1181 1129 uon
1209 1062 1375 1128 credamus

201 1172 286 1237 huuc
323 1189 393 1235 esse
430 1189 579 1234 versuum
615 1173 786 1234 auctorem.
844 1169 1014 1232 Enimvero
1055 1187 1117 1231 uon
1158 1165 1376 1249 discrepantia

202 1273 304 1338 solum
326 1273 468 1337 nascitur
497 1272 558 1337 hoc
588 1271 667 1353 loco,
696 1270 756 1336 sed
785 1271 926 1354 ineptiae
956 1270 1054 1335 etiam
1084 1269 1198 1333 illatae
1228 1266 1376 1331 videntur

204 1374 342 1456 fabulae,
368 1394 451 1457 quae
480 1373 624 1438 sollertia
652 1374 783 1437 iuventa
815 1381 848 1437 et
881 1372 989 1456 lepore
1022 1370 1177 1436 distincta
1209 1374 1272 1449 est;
1306 1391 1374 1434 uam

203 1477 365 1561 Daphnim
387 1477 494 1542 facere
521 1475 691 1541 dueentem
718 1474 892 1559 nympham
921 1495 1054 1539 uxorem
1084 1472 1170 1538 idem
1200 1477 1251 1538 est
1281 1477 1375 1555 atque

202 1580 268 1644 vim
290 1579 421 1644 fabulae
444 1584 500 1643 aut
521 1583 705 1662 pervertere
732 1584 789 1642 aut
819 1576 961 1656 demere;
990 1597 1093 1659 neque
1116 1596 1192 1640 vero
1215 1575 1285 1640 ulla
1313 1575 1375 1639 alia

203 1703 236 1747 re
259 1681 295 1746 dt
316 1681 514 1746 manifestior
541 1701 640 1765 opera
666 1679 906 1764 interpolatoris
936 1679 1131 1762 insipientis,
1159 1678 1216 1760 qui
1248 1677 1374 1760 quidem

202 1784 397 1867 elegantiam
419 1783 550 1848 fabulae
572 1783 657 1847 male
679 1784 769 1847 novIt
790 1787 823 1846 et
844 1802 957 1866 parum
980 1781 1120 1866 sensit).

288 1920 434 2002 Denique
461 1918 639 1984 attendatis
661 1918 759 1983 velim
786 1919 908 1984 animos
938 1918 981 1982 ad
1003 1918 1094 1999 illud,
1121 1917 1208 2002 quod
1230 1918 1374 2002 Daphnis

202 2022 378 2087 amatorius
411 2025 444 2085 et
473 2021 715 2102 γυναικοφίλας
746 2020 777 2083 iu
809 2019 865 2085 illo
895 2018 1026 2103 quidem
1060 2020 1204 2102 elegiaco
1237 2021 1374 2085 carmine

204 2129 414 2207 congruenter
437 2143 508 2187 cum
534 2144 585 2186 vv.
605 2124 717 2203 92s93,
743 2121 963 2206 discrepanter
984 2143 1005 2186 a
1027 2143 1105 2187 vera
1132 2122 1245 2187 fabula
1267 2121 1374 2206 depin-

203 2228 303 2309 gitur,
339 2223 397 2290 sed
430 2223 516 2289 idem
548 2225 582 2287 in
615 2225 716 2289 altero
750 2230 846 2289 cantu
878 2224 1067 2289 hexametro
1104 2223 1314 2308 pudibundus
1345 2228 1375 2288 et

203 2328 328 2413 puellas
350 2328 477 2410 fugiens
504 2327 645 2391 invicem
671 2333 881 2410 congruenter
908 2347 979 2392 cum
1006 2328 1077 2411 ipsa
1107 2326 1233 2408 fabula,
1259 2326 1375 2392 discre-

204 2435 319 2514 panter
341 2451 362 2494 a
383 2450 434 2495 vv.
449 2430 548 2508 92193
571 2429 739 2510 cogitatur.

288 2567 356 2629 Iam
389 2563 533 2646 singulas
566 2583 617 2628 res
646 2583 729 2646 quae
759 2562 1065 2628 animadvertendae
1093 2563 1223 2628 suerunt
1257 2564 1289 2628 in
1319 2564 1375 2629 hoc

204 2668 343 2733 carmine
379 2666 611 2750 pedetemptim
648 2673 681 2730 et
718 2664 879 2748 gradatim
916 2667 1193 2750 pertractavimus.
1257 2665 1375 2745 Quodsi

204 2770 309 2833 omnia
352 2768 459 2833 adhuc
503 2767 685 2833 deliberata
720 2773 819 2850 atque
863 2768 1038 2852 explanata
1081 2769 1376 2853 comprehendimus

204 2891 422 2954 summamque
446 2892 486 2935 ex
509 2871 550 2935 iis
572 2870 764 2953 conficimus,
790 2868 832 2934 de
854 2869 969 2953 idyllio
992 2871 1070 2935 VIII
1100 2870 1308 2937 indicandum
1331 2875 1377 2937 est

205 2973 239 3039 id
262 2973 347 3057 quod
369 2973 473 3038 trihus
496 2972 712 3056 exprimamus
734 2973 903 3037 sententiis
926 2972 988 3038 his:

292 3195 313 3260 ¹)
342 3193 409 3248 Cum
438 3192 489 3246 hac
516 3190 624 3245 fabulae
651 3192 816 3260 cogitatione
845 3193 984 3247 lueulente
1013 3193 1094 3246 etiam
1124 3194 1254 3248 convenit
1281 3210 1377 3249 sensns

205 3279 320 3346 nativus,
339 3278 385 3345 qni
403 3277 519 3332 sortasse
537 3277 564 3331 ei
580 3276 677 3331 subest
694 3281 723 3331 ot
740 3277 798 3332 fere
815 3278 904 3332 subici
921 3278 1005 3332 solet:
1023 3279 1146 3346 Daphnis
1164 3284 1254 3333 autem
1267 3285 1378 3348 putatur

206 3365 295 3433 imago
318 3364 388 3417 nivis
406 3379 490 3417 verno
509 3368 633 3431 tempore
651 3362 818 3418 tabescentis
836 3363 882 3417 vel
900 3364 1008 3418 omniuo
1030 3364 1126 3417 hIemis
1149 3365 1276 3419 exeuntis
1294 3366 1377 3435 (eogi-

205 3449 316 3502 taudum
335 3454 378 3501 est
396 3448 431 3501 de
449 3447 510 3502 altis
534 3447 672 3502 montibus
694 3449 837 3516 regionum
860 3448 1075 3502 meridionalium
1098 3450 1246 3516 praecipue
1270 3450 1378 3503 nIvihus

206 3534 321 3602 opertis3
345 3533 380 3587 os.
399 3534 435 3586 id.
454 3533 502 3600 XI,
515 3538 547 3587 48
567 3537 595 3586 θῖ
612 3533 675 3600 vll,
689 3538 721 3587 76
734 3534 814 3602 sqq.).
849 3533 945 3588 Altera
962 3533 1043 3586 huius
1066 3532 1175 3587 fabulae
1192 3535 1378 3602 iuterpretatio

206 3618 409 3687 speciosismma
426 3618 506 3672 datur
523 3635 540 3671 a
558 3618 587 3671 P.
600 3618 761 3685 Deeharme‚
780 3619 796 3671 l.
809 3617 826 3672 I.
844 3635 872 3686 p.
885 3624 944 3689 461,
961 3618 1004 3672 his
1022 3619 1125 3672 verbis:
1145 3619 1294 3689 «Daphnis,
1313 3620 1379 3674 o’eat

207 3702 277 3756 donc
295 3718 357 3756 sans
375 3702 458 3756 doute
476 3702 503 3756 le
521 3703 592 3756 beau
609 3701 690 3757 soleil
712 3703 767 3771 an,
792 3704 896 3772 chaque
915 3705 988 3774 jour,
1011 3702 1061 3757 fait
1078 3707 1164 3771 pattro
1188 3720 1234 3758 ses
1256 3704 1378 3759 brillants

206 3792 366 3855 troupeaux‚
385 3788 440 3855 qui,
458 3803 492 3841 au
510 3787 591 3841 matiu
610 3787 645 3841 de
662 3803 693 3842 sa
710 3789 763 3855 vie,
781 3790 850 3843 ahne
868 3788 983 3842 l’aurore
1002 3794 1030 3842 et
1047 3804 1081 3842 eu
1099 3794 1142 3842 est
1157 3788 1235 3858 aime,
1254 3791 1301 3857 qui
1318 3790 1379 3859 plus

207 3873 267 3927 tnrd
285 3872 417 3942 s'cloigno
435 3872 524 3938 delle,
543 3874 597 3941 qui,
621 3889 692 3941 pour
713 3876 773 3943 prix
792 3875 894 3928 deson
918 3873 1058 3941 infidelire,
1083 3879 1125 3928 est
1143 3876 1259 3945 aveugle
1283 3893 1333 3944 par
1355 3878 1380 3929 la

206 3957 265 4013 nuit
288 3963 316 4012 et
339 3959 472 4026 disparsit
494 3959 601 4013 bientdt
626 3959 745 4015 derriere
768 3961 808 4015 les
831 3961 928 4014 hautes
951 3961 1062 4015 onnes.»
1080 3992 1112 3998 -
1136 3962 1240 4016 Fabula
1263 3962 1379 4017 fortasse

206 4059 259 4098 non
283 4043 310 4097 In
334 4043 393 4112 Ipsa
409 4042 501 4097 Sieffla
524 4049 586 4098 nata
609 4048 659 4098 est.
695 4043 735 4098 ef.
753 4046 782 4100 O.
801 4046 844 4100 Fr.
863 4046 1008 4099 Hermann.
1026 4046 1043 4101 l.
1056 4046 1073 4100 l.
1091 4063 1118 4115 p.
1134 4051 1164 4100 19
1188 4048 1223 4100 de
1247 4048 1380 4102 sententia

206 4127 324 4183 tabulae.
343 4157 374 4166 -
393 4126 460 4183 Cum
484 4127 666 4184 Theoerlteae
688 4126 796 4184 fabulae
820 4130 1000 4198 conceptione
1024 4133 1151 4201 congruit
1174 4131 1332 4201 Vergiliana
1354 4133 1379 4186 in

208 4212 478 4283 mmmm-

293 4314 314 4386 ¹)
333 4311 443 4372 ocra·
