2866 4822
1260 275 1300 338 65

124 447 273 526 spectant
289 440 330 507 ad
347 440 390 506 id.
405 442 442 523 V,
460 442 517 506 141
536 461 603 524 sqq.
619 477 661 488 -
677 441 716 506 cf.
732 443 865 524 κιιχοξοὸ
882 472 922 496 =
939 440 1036 527 ἐχάρη
1060 448 1092 507 et
1115 441 1147 518 ἐς
1167 434 1303 525 aicardo

125 534 268 628 ἆλεῦμαι
285 574 325 598 =
342 535 500 609 ἀνάλατο.
529 545 703 608 Praeterea
725 550 845 626 quanta
867 545 1045 610 festivitate
1068 564 1118 609 res
1141 544 1302 611 illustrata

124 651 172 713 est
195 648 229 711 in
253 645 356 711 id.⁰V
378 652 516 711 excunte
540 651 573 710 et
595 666 691 728 quam
714 646 852 711 ieiunam
875 646 1022 712 videmus
1044 647 1219 712 orationem
1243 647 1300 712 de-

124 750 395 834 scriptionemque
425 748 458 813 in
488 747 546 812 ida
568 748 656 813 VIII.
679 749 825 813 —Tum
855 770 930 814 vero
960 770 1038 814 crux
1067 749 1301 831 quodammodo

124 853 337 936 interpretum
375 856 424 915 est
461 850 660 916 enuntiatum
699 852 755 914 καὶ
789 848 902 935 osipus
939 844 1109 935 γομεθεῑσ
1131 844 1301 935 ἀκάχοιτο,

125 952 211 1038 quod
235 953 367 1038 quidem
388 952 467 1036 quid
490 953 552 1017 sibi
575 953 655 1017 velit
676 953 880 1036 perspicitur,
908 953 965 1018 sed
987 954 1103 1019 vitiose
1126 959 1159 1018 et
1187 955 1302 1019 inscite

124 1056 300 1142 profertum
322 1057 433 1140 inepta
455 1055 539 1120 enim
561 1060 611 1120 est
633 1056 690 1120 illa
713 1057 922 1141 comparatio,
949 1056 1035 1139 quod
1058 1077 1160 1121 novae
1182 1062 1302 1141 nuptae

125 1158 284 1225 communi
308 1179 395 1223 more
418 1178 457 1223 ac
480 1157 709 1223 consuetudine
732 1158 800 1222 fere
827 1179 887 1222 non
915 1159 1018 1223 solent
1041 1159 1164 1242 lugere,
1192 1163 1302 1224 contra
1348 1218 1351 1222 ,

125 1263 232 1346 potius
254 1260 372 1326 laetari
391 1260 471 1344 ipsis
488 1261 632 1342 antiquis
647 1261 856 1344 temporibus;
878 1261 967 1325 volut
986 1262 1139 1345 scriptum
1158 1261 1302 1345 legimus,

126 1368 248 1448 quanta
277 1362 444 1428 hilaritate
473 1363 663 1446 laetitiaque
692 1363 835 1427 Helenae
865 1364 996 1447 nuptiae
1027 1365 1166 1428 carmine
1189 1364 1303 1428 XVIII
1412 1431 1415 1436 Α

116 1488 144 1532 ο
165 1466 286 1551 puellis
309 1465 506 1549 nuptialibus
529 1464 742 1544 celebrentur3
769 1466 882 1551 vitium
910 1471 1016 1529 autem
1040 1466 1167 1530 exsistit
1190 1466 1302 1531 eodem

125 1569 203 1651 loco,
226 1567 314 1650 quod
336 1573 370 1632 et
393 1571 573 1651 γαμιθιῑσιι
596 1566 694 1649 (quod
717 1567 813 1651 vulgo
837 1567 952 1649 editur,
975 1568 1072 1631 etiam
1095 1569 1127 1631 in
1150 1589 1178 1633 a.
1194 1569 1230 1653 s.)
1254 1575 1303 1634 est

126 1671 238 1737 aoristi
262 1671 365 1736 forma
386 1669 636 1734 insolentissima
664 1689 767 1751 neque
797 1670 899 1734 altero
930 1670 1077 1753 exemplo
1108 1670 1303 1754 confirmata,

127 1795 236 1840 verum
259 1772 388 1838 serioris
410 1772 599 1855 graecitatis
622 1771 804 1856 exemplum
827 1772 913 1837 idem
937 1778 1035 1854 atque
1058 1771 1139 1836 illud
1162 1772 1302 1858 ἐκρὶθιμ

128 1869 207 1953 dac,
240 1880 273 1939 et
302 1876 487 1958 γαμηθεῖσα
522 1872 627 1957 (codd.
647 1895 686 1937 m.
707 1895 735 1957 p.
756 1875 787 1938 h.
808 1874 977 1958 traditum)
1007 1875 1117 1939 turbat
1149 1874 1303 1962 videlicet

128 1997 274 2042 numeros
297 1995 417 2042 versus.
461 1976 567 2058 Atque
591 1976 688 2039 etiam
711 1977 843 2041 verbum
866 1971 1078 2062 κοτεσμύχθη
1103 1976 1155 2061 (cf.
1177 1978 1220 2042 id.
1244 1979 1302 2059 ΙΙΙ,

129 2079 179 2164 17)
202 2079 265 2144 hoc
288 2078 357 2142 loco
387 2097 448 2141 non
478 2081 565 2141 recte
595 2077 747 2160 scriptum
778 2083 839 2158 est,
867 2078 958 2142 cuius
988 2097 1099 2142 sensus
1129 2080 1302 2144 communis
1409 2163 1411 2168 A

128 2186 176 2247 est
205 2180 374 2247 tabescere
404 2178 608 2262 aegritudine
638 2179 748 2260 aliqua
777 2181 888 2261 animi,
921 2180 1061 2244 maxime
1091 2201 1207 2246 amore.
1261 2184 1303 2246 Et

128 2284 265 2368 proximi
295 2301 406 2348 versus
436 2282 543 2346 verbis
572 2278 663 2363 παρὰ
693 2284 824 2365 ποιμέσι
855 2282 1073 2368 (opilionibus)
1101 2284 1303 2366 apertissime

128 2385 273 2470 proditur
295 2384 505 2468 interpolator
527 2383 658 2467 ignarus
681 2380 772 2467 παρὰ
796 2387 932 2467 νομεῦσι
956 2384 1009 2467 (cf.
1029 2384 1072 2449 id.
1094 2386 1165 2467 VII,
1185 2388 1238 2470 28)
1262 2418 1303 2438 =

128 2488 310 2572 pastoribus
332 2486 538 2552 Theocritum
561 2487 750 2569 scripturum
774 2485 873 2551 fuisse
898 2486 949 2572 (cl.
966 2508 995 2570 p.
1011 2489 1051 2551 52
1069 2488 1136 2572 sq).

212 2643 374 2706 Summam
391 2638 529 2722 denique
545 2639 792 2722 discrepantiam
809 2639 945 2704 contulit
960 2640 992 2703 in
1008 2639 1170 2706 Theocriti
1188 2641 1303 2725 idyllia
1374 2662 1376 2666 ·

129 2745 233 2828 isqui
256 2762 370 2808 versus
400 2750 560 2807 extremos
589 2741 731 2822 addidit;
761 2762 970 2826 persuasurus
1000 2744 1083 2807 enim
1114 2744 1304 2827 legentibus,

129 2852 163 2911 ut
184 2845 351 2912 fabulosus
371 2845 427 2910 ille
446 2845 541 2910 heros
559 2844 730 2928 pastoralis
747 2845 777 2908 in
799 2845 858 2910 hoc
878 2845 993 2928 idyllio
1008 2850 1303 2928 repraesentaretur

129 2949 185 3013 sub
217 2949 343 3013 nomine
364 2946 556 3031 Daphnidis,
585 2967 646 3011 non
676 2948 828 3030 ignobilis
857 2952 966 3031 pastor
995 2949 1113 3030 aliquis
1124 2948 1156 3031 ¹),
1187 2949 1216 3012 ei
1246 2969 1304 3012 nu·

130 3051 256 3115 bentem
279 3050 358 3114 fecit
379 3047 488 3114 Naida
510 3049 683 3133 nympham
708 3049 760 3134 (cf.
783 3050 882 3114 etiam
904 3052 968 3114 v.2
993 3040 1037 3126 ὡς
1060 3052 1182 3133 φαντί).
1213 3051 1304 3129 Quae

128 3174 177 3220 res
199 3154 254 3220 vel
276 3153 467 3236 gravissima
489 3153 587 3236 paulo
610 3154 791 3218 accuratius
814 3152 1019 3238 explananda
1041 3158 1098 3218 est.
1205 3209 1208 3215 .

213 3305 396 3392 Daphnidis
423 3307 523 3390 igitur
552 3327 666 3371 nomon
695 3307 936 3372 celeberrimum
965 3308 1052 3392 apud
1079 3308 1204 3373 Siculos
1234 3311 1303 3374 vul-

128 3410 261 3494 garibus
284 3431 410 3493 quoque
436 3410 619 3493 pastoribus
646 3409 745 3474 fuisse
773 3410 988 3494 intellegimus
1016 3433 1056 3474 ox
1084 3410 1150 3475 idd.
1170 3412 1224 3493 VI,
1246 3413 1303 3495 IX,

127 3514 265 3579 XXVII.
308 3512 498 3596 Ubicunque
525 3532 601 3577 vero
628 3511 767 3577 fabulosi
795 3513 881 3577 illius
909 3512 1091 3596 Daphnidis
1121 3514 1152 3577 in
1180 3512 1304 3597 idylliis

126 3616 246 3682 mentio
270 3615 315 3697 fit,
336 3616 364 3681 is
386 3637 448 3681 non
468 3616 538 3700 ipsc
557 3635 657 3699 agens
676 3614 846 3696 inducitur,
868 3615 926 3680 sed
946 3622 1043 3698 po'c'ta
1062 3616 1143 3682 alios
1159 3622 1304 3700 pastores

215 3839 236 3903 l)
255 3835 336 3899 Quod
353 3835 401 3904 qui
423 3839 513 3904 negat,
537 3839 568 3889 ut
585 3835 673 3888 Holm.
694 3834 793 3889 Gesoh.
812 3834 935 3890 Siciliens
953 3836 988 3905 II,
1013 3853 1039 3903 p.
1056 3841 1113 3905 316,
1138 3853 1200 3890 oum
1225 3838 1303 3892 dicit:

127 3921 207 3989 ,Man
225 3935 301 3974 muss
318 3920 393 3975 nicht
410 3920 536 3990 glauben,
555 3919 619 3973 dass
638 3919 687 3973 der
702 3919 824 3988 Daphnis
842 3920 931 3975 dieses
950 3919 1036 3989 Idylls
1053 3921 1092 3989 (8)
1111 3921 1237 3975 derselbe
1256 3923 1305 3976 mit

127 4006 190 4061 dem
208 4005 380 4076 mythischen
389 4005 512 4074 Daphnis
530 4004 580 4059 des
599 4010 689 4059 ersten
707 4006 759 4059 lst“
779 4011 806 4060 et
823 4023 849 4073 p.
864 4011 924 4060 les:
945 4005 991 4073 „In
1009 4006 1083 4075 Idyll
1102 4013 1117 4060 6
1135 4007 1191 4060 und
1209 4012 1224 4060 8
1242 4009 1304 4061 sind

127 4107 158 4147 es
176 4090 367 4160 gowbhnliche
379 4090 483 4159 Histon,
503 4091 547 4144 dio
560 4090 614 4144 den
626 4092 730 4144 Namen
743 4090 864 4158 Daphnis
877 4090 998 4158 fdhren“,
1018 4092 1116 4145 eodem
1134 4092 1192 4146 iure
1210 4097 1304 4160 potest

126 4192 241 4246 negare:
259 4175 302 4230 bis
320 4175 384 4230 bina
402 4179 530 4244 quattuor
553 4191 623 4230 esse.
659 4176 722 4229 Alia
740 4192 850 4244 quoque
869 4177 1059 4230 commenticia
1076 4177 1112 4231 de
1130 4177 1181 4230 Th.
1200 4178 1258 4230 vita
1276 4182 1303 4231 et

128 4259 292 4316 carmInibus
315 4260 389 4315 idem
412 4276 438 4314 v.
452 4259 484 4314 d.
507 4260 535 4313 in
556 4260 677 4314 medium
700 4261 819 4328 protulit.
838 4261 989 4316 -Contra
1013 4261 1047 4315 cf.
1064 4261 1179 4316 Croiset.
1197 4261 1214 4315 l.
1233 4260 1249 4315 l.
1268 4261 1295 4314 V

126 4361 154 4415 p.
172 4348 230 4400 197.
249 4373 283 4383 -

1133 4450 1148 4500 b
