2866 4822
544 1122 819 1224 Praelatio.

179 1477 338 1542 Proximis
366 1476 581 1560 superioribus
608 1477 699 1540 annis
725 1477 800 1541 libri
826 1478 969 1542 nonnulli
995 1478 1107 1562 lingua
1129 1480 1268 1544 Franco-

92 1580 221 1645 Gallica
243 1580 354 1663 scripti
381 1581 414 1642 in
436 1579 538 1643 lucem
569 1579 729 1662 publicam
758 1578 838 1643 editi
866 1585 952 1661 sunt,
982 1583 1036 1663 qui
1059 1602 1100 1645 ex
1122 1581 1269 1664 partibus

92 1679 284 1764 quibusdam
316 1679 359 1744 ad
386 1681 591 1763 quaestiones
617 1699 705 1745 meas
728 1682 874 1745 attinent.
919 1683 1006 1760 Quos
1028 1702 1100 1747 cum
1122 1683 1269 1748 confecta

91 1784 157 1847 iam
187 1784 247 1848 hae
278 1781 497 1866 disputatione
528 1789 625 1865 atque
655 1784 834 1866 approbata
864 1786 1074 1866 cognoverim,
1103 1806 1205 1869 neque
1235 1786 1268 1850 in

92 1887 197 1970 ipsam
230 1886 496 1969 disceptationem
531 1884 686 1949 adhibere
719 1886 810 1969 potui
843 1906 946 1969 neque
979 1907 1107 1971 prorsus
1140 1888 1268 1953 silentio

91 1990 268 2072 praeterire
291 1988 397 2052 debui.
441 1989 493 2053 Sic
524 1988 603 2052 mihi
633 1988 882 2070 relinquebatur,
911 1995 947 2053 ut
976 1990 1037 2055 hae
1066 1990 1267 2074 praefatione

91 2091 136 2155 ad
158 2091 215 2155 illa
237 2092 358 2174 scripta
373 2092 515 2156 recentia
531 2091 672 2155 breviter
687 2093 886 2174 attingerem.
901 2092 1004 2157 —Ac
1020 2093 1121 2176 primo
1137 2092 1267 2176 quidem

91 2194 162 2258 loco
185 2194 482 2258 commemoratione
505 2213 543 2257 ac
566 2192 663 2257 laude
686 2192 776 2276 digni
792 2199 865 2258 sunt
880 2194 929 2257 illi
945 2193 986 2258 de
1000 2195 1119 2260 litteris
1135 2195 1267 2260 Graecis

91 2295 167 2360 libri
199 2296 253 2378 qui
282 2317 303 2360 a
332 2295 456 2360 duobus
486 2294 639 2359 fratribus
668 2294 874 2377 doctissimis,
901 2296 1034 2360 Alfredo
1057 2302 1090 2361 et
1111 2297 1265 2363 Mauricio

91 2397 288 2480 Croisetiis1)
312 2397 478 2481 compositi
501 2403 587 2478 sunt,
610 2416 689 2480 opus
711 2397 904 2462 laboriosum
928 2404 960 2462 et
982 2398 1134 2482 perutile,
1156 2420 1266 2463 monu-

89 2507 233 2564 mentum
255 2501 385 2584 ingenii,
407 2499 582 2581 doctrinae,
609 2499 798 2583 diligentiae
820 2501 1119 2583 praeclarissimum.
1163 2502 1266 2567 Huius

91 2603 199 2685 operis
225 2603 258 2666 in
285 2609 370 2668 tomo
394 2603 504 2685 quinto
527 2601 680 2666 Alfredus
703 2602 885 2683 Croisetins,
913 2603 962 2666 vir
984 2602 1185 2668 admirabilis
1207 2605 1265 2668 hu-

89 2705 256 2770 manitatis
279 2705 472 2788 summisque
495 2705 668 2770 honoribus
691 2707 737 2769 rei
760 2690 909 2788 publicae
932 2712 1062 2770 ornatus
1085 2712 1182 2789 atque
1205 2707 1265 2773 hoc

89 2809 192 2873 lustro
225 2807 366 2873 decanus
396 2807 574 2872 Facultatis
607 2808 802 2871 Litterarum
833 2810 865 2871 in
898 2809 1063 2873 borbonna
1091 2810 1264 2874 Parisiensi

89 2910 334 2992 illustrissimus,
364 2931 433 2975 cum
464 2910 531 2974 alia
560 2915 627 2974 tum
657 2909 698 2974 de
721 2910 893 2975 Theocrito
916 2911 1049 2994 eiusque
1072 2912 1265 2998 carminibus

90 3014 234 3078 scholam
263 3019 355 3077 tanta
385 3033 489 3077 rerum
520 3013 655 3077 scientia
684 3017 782 3095 atque
813 3013 976 3096 elegantia
1007 3014 1196 3096 explicavit,
1229 3019 1265 3078 ut

89 3136 151 3180 non
174 3117 242 3180 sine
264 3115 478 3180 delectatione
508 3115 677 3198 fructuque
707 3136 777 3179 eam
808 3119 932 3199 partem
956 3117 1096 3200 legerim.
1140 3117 1178 3181 In
1201 3137 1265 3199 qua

89 3219 139 3282 vir
168 3217 224 3282 ille
254 3217 457 3282 doctissimus
488 3217 529 3281 de
556 3219 749 3282 auctoritate
771 3218 963 3282 Theocritea
990 3219 1164 3283 carminum
1187 3240 1264 3302 quo-

89 3320 223 3385 rundam
256 3320 395 3385 breviter
424 3320 592 3404 disputans
621 3321 653 3384 in
681 3340 763 3385 nono
790 3319 920 3403 quidem
943 3320 1056 3404 idyllio
1079 3327 1189 3405 partes
1211 3342 1264 3388 ac-

89 3421 308 3488 commodatas
331 3429 364 3487 et
386 3423 596 3507 interpolatas
619 3422 803 3508 admittit2),
833 3422 891 3487 sed
914 3429 1061 3488 octavum
1088 3425 1171 3489 inter
1195 3445 1263 3490 car·

87 3527 175 3591 mina
202 3527 328 3610 integra
356 3530 472 3609 poetae
498 3546 665 3591 numerare
692 3546 754 3590 non
777 3525 944 3608 dubitat³l
989 3526 1143 3592 Videmus
1165 3528 1264 3612 igitur

174 3732 195 3800 1)
214 3730 240 3785 A
259 3735 287 3785 01
303 3731 339 3785 M.
358 3731 473 3798 Groiset,
491 3731 560 3785 Η101.
579 3731 615 3785 de
632 3730 658 3784 la
676 3731 738 3784 Litt.
757 3730 893 3801 Grecque,
911 3736 977 3786 tom.
990 3731 1023 3786 V.
1050 3732 1134 3800 Paris,
1155 3736 1228 3786 1899.

175 3818 197 3886 ²)
216 3816 257 3872 Oi.
276 3822 341 3872 tom.
355 3817 389 3886 V,
401 3833 428 3886 p.
443 3821 517 3871 184⁴:
535 3817 627 3872 «Nous
645 3817 798 3872 admettons
816 3817 972 3886 cependant
990 3818 1040 3872 dos
1057 3819 1265 3874 romaniements

88 3909 117 3959 01
135 3904 185 3958 des
203 3903 410 3973 interpolatione
428 3904 495 3958 dans
514 3902 624 3973 l’ldylle
642 3903 694 3971 IX,
720 3902 804 3958 obse
822 3910 920 3958 trouve
937 3901 1100 3974 l’epiloguo,
1123 3903 1177 3959 citt
1200 3904 1263 3974 plus

86 3992 181 4044 11001.»

173 4073 304 4144 Β10117,
326 4078 386 4130 184:
411 4077 483 4129 «Les
506 4073 601 4144 010000
624 4075 795 4145 apocryphas
823 4081 886 4130 sont
909 4074 993 4130 celles
1017 4075 1064 4145 qui
1089 4080 1200 4144 portent
1222 4073 1263 4132 100

84 4160 213 4218 numeros
233 4167 272 4231 19,
292 4167 332 4232 20,
353 4166 393 4232 21,
413 4167 444 4216 23
458 4167 486 4216 01
500 4168 539 4216 27.
575 4161 775 4231 Quelquesuns
793 4162 923 4234 rejcttent
941 4178 1040 4218 encore
1058 4162 1099 4216 100
1116 4162 1217 4232 idylles
1229 4167 1261 4218 25

85 4256 114 4306 01
132 4256 165 4305 30
185 4253 213 4303 01
231 4256 474 4321 ensoupqonnent
498 4250 571 4304 deux
595 4266 631 4304 ou
655 4249 722 4304 trois
740 4256 840 4304 autres.
876 4251 953 4305 Nous
975 4266 1010 4304 ne
1032 4257 1195 4321 partageons
1213 4265 1262 4322 pas

85 4354 131 4394 ces
149 4336 293 4406 scrupulas
311 4344 383 4398 010.»
