2866 4822
1260 266 1301 330 79

124 431 343 516 appellaverit
366 434 566 510 βουκολικᾶς
587 431 681 517 (gen.)
692 433 726 516 ¹),
749 432 810 498 hoc
833 433 998 517 epitheton
1021 432 1215 499 tralaticium
1239 434 1304 498 usi-

124 539 294 619 tatumque
317 536 416 602 fuisse
440 541 472 601 et
495 541 570 600 ante
593 535 645 621 (cf.
660 534 703 600 id.
718 536 789 617 VII,
805 538 844 601 27
861 535 941 619 sqq.)
961 541 994 600 et
1009 541 1082 619 post
1097 536 1303 601 Theocritum

124 657 231 721 neque
253 639 357 704 minus
384 644 460 723 apte
483 640 593 704 Musae
620 659 715 721 quam
743 639 876 704 carmini
906 639 974 704 eius
1004 637 1045 702 de
1075 658 1137 721 quo
1167 637 1303 704 dicimus

125 741 255 824 generis
281 740 414 806 attribui
442 741 584 825 potuisse
611 742 840 806 existimamus.
884 741 968 819 Quin
996 741 1093 806 etiam
1119 741 1166 805 ita
1192 742 1303 805 tritum

124 842 208 907 illud
231 842 358 908 videtur
381 843 480 909 fuisse
504 844 639 928 posteris
662 842 903 927 temporibus2),
931 848 966 908 ut
989 842 1139 909 Moschus
1166 843 1303 908 noluerit

125 946 267 1011 scribere
290 947 499 1011 Βουκολικαὶ
522 952 655 1028 Μοῖσαι,
677 945 735 1012 sed
757 946 906 1010 maluerit
928 946 987 1027 III,
1003 948 1022 1011 8
1038 966 1105 1029 sqq.
1129 946 1302 1010 Σικελικαὶ

125 1053 269 1125 Μοῖσαι;
299 1045 473 1124 Σικελικός
503 1049 588 1113 enim
610 1048 670 1115 hoc
692 1049 761 1114 loco
785 1048 866 1113 nihil
888 1046 978 1113 aliud
1005 1068 1075 1114 esse
1102 1052 1199 1131 atque
1226 1051 1304 1126 βου-

125 1146 263 1226 κολικός
293 1150 399 1215 elucet
428 1172 500 1216 cum
523 1172 564 1216 ex
586 1151 658 1216 aliis
685 1151 780 1216 rebus
810 1154 878 1214 tum
908 1172 949 1215 err
980 1148 1123 1215 eiusdem
1154 1150 1302 1215 carminis

125 1265 223 1318 versu
246 1254 320 1318 122:
347 1247 531 1318 Σικελικόν
553 1276 585 1317 τι
609 1254 735 1336 λῖγαινε
757 1254 814 1316 καὶ
836 1242 900 1317 ἁδύ
926 1276 959 1316 τι
982 1249 1226 1331 βουκολιάοδευ
1253 1256 1303 1317 at-

126 1376 190 1438 que
221 1355 319 1420 etiam
349 1377 390 1420 ex
420 1356 515 1439 Verg.
538 1356 595 1422 ecl.
618 1356 672 1437 IV,
693 1358 724 1420 1:
754 1354 924 1438 ‚Sicelides
955 1357 1087 1421 Musae’.
1132 1357 1216 1438 Ergo
1246 1355 1304 1419 illa

125 1457 346 1542 appellatione
362 1459 521 1522 communi
535 1479 638 1541 neque
654 1458 808 1541 singulari
829 1457 872 1522 ad
892 1456 1124 1540 explorandum
1140 1464 1304 1522 auctorem

126 1560 249 1644 epilogi
272 1558 501 1626 adminiculum
524 1582 584 1626 non
607 1561 787 1645 praebetur.

213 1680 261 1745 Ac
282 1701 323 1745 ne
338 1680 441 1745 Hiller
461 1680 590 1764 quidem
613 1701 716 1762 ‚omne
735 1681 810 1745 tulit
829 1682 1004 1764 punctum’,
1026 1681 1081 1763 qui
1101 1681 1302 1766 conieceritl)

126 1787 290 1848 auctorem
313 1783 415 1866 partis
438 1784 560 1866 primae
583 1788 617 1847 et
639 1788 803 1848 extremae
825 1782 919 1848 huius
946 1781 1053 1866 idyllii
1081 1783 1180 1847 fuisse
1207 1803 1304 1846 unum

126 1884 289 1949 hominem
311 1905 447 1967 eumque
470 1886 672 1951 collectorem
695 1886 835 1968 aliquem
858 1885 1088 1965 bucolicorum3
1115 1906 1135 1950 a
1162 1906 1223 1968 quo
1247 1907 1304 1949 ex·

126 1993 246 2053 tremos
277 2007 386 2053 versus
417 1988 543 2053 nomine
570 1988 734 2053 Theocriti
762 1987 907 2053 conditos
937 2008 1007 2053 esse
1037 1993 1200 2071 tamquam
1230 2007 1304 2052 con-

127 2088 302 2154 clusionem
333 2089 431 2154 totius
462 2089 659 2155 collectionis
688 2089 744 2154 ille
774 2090 921 2154 similiter
951 2110 989 2155 ac
1012 2090 1207 2154 Fritzschius
1237 2089 1304 2172 opi-

126 2195 303 2257 natusest.
347 2193 430 2257 Nam
453 2193 547 2276 primi
570 2199 603 2257 et
626 2194 762 2256 extremi
785 2212 895 2258 versus
923 2191 1030 2276 idyllii
1059 2198 1211 2275 quantum
1234 2197 1304 2257 arte

127 2300 160 2359 et
182 2295 327 2360 oratione
350 2295 433 2359 inter
455 2315 490 2359 se
517 2294 681 2378 differant,
708 2295 868 2360 hominem
896 2295 1013 2360 litteris
1036 2295 1168 2361 Graecis
1197 2294 1304 2360 erudi-

127 2404 194 2462 tum
218 2398 274 2462 vix
297 2397 398 2462 fallet.
442 2398 549 2480 Atque
576 2397 696 2482 epilogi
722 2418 833 2464 versus
860 2396 1078 2482 bellissime4),
1106 2396 1230 2463 exordii
1257 2397 1304 2462 in-

127 2500 293 2584 eptissime
316 2500 427 2583 scripti
450 2507 532 2582 sunt,
561 2501 594 2564 in
624 2500 689 2566 illis
716 2500 830 2565 saltem
860 2506 976 2584 poetae
1005 2501 1161 2584 spiritum,
1191 2501 1223 2564 in
1253 2501 1304 2565 his

127 2602 331 2686 grammatici
360 2602 496 2667 alieuius
526 2608 692 2668 centonem
720 2601 875 2667 videmus.
919 2602 1040 2680 Quodsi
1068 2623 1143 2667 vere
1166 2602 1304 2667 Artemi-

128 2704 225 2770 dorus
248 2711 305 2769 aut
326 2706 434 2771 nescio
457 2706 528 2788 quis
550 2726 664 2770 novem
687 2705 752 2770 illis
775 2706 919 2771 versibus
936 2706 1087 2791 (as-36)
1111 2710 1212 2770 totam
1235 2726 1304 2770 car-

127 2808 247 2872 minum
264 2807 483 2873 collectionem
499 2806 688 2872 concludere
709 2813 806 2891 atque
826 2829 982 2891 peragere
997 2809 1160 2890 voluiSset
1183 2805 1304 2889 dubito,

127 2931 169 2975 an
191 2909 292 2974 multo
315 2909 433 2975 clarius
456 2915 488 2974 et
514 2910 617 2974 minus
644 2910 787 2975 obscuris
809 2911 916 2975 verbis
943 2910 978 2975 id
1005 2909 1091 2993 quod
1113 2909 1215 2975 voluit
1237 2909 1304 2975 dic-

127 3017 219 3078 turus
242 3012 347 3076 fuerit.
391 3011 499 3076 Verba
521 3012 606 3076 enim
632 3013 704 3096 ipsa
730 3013 974 3094 sententiaeque
1004 3013 1099 3078 huius
1128 3012 1229 3095 partis
1257 3013 1305 3076 ita

128 3137 189 3183 non
213 3115 330 3181 idonea
353 3120 434 3196 sunt,
457 3115 629 3197 exquibus
652 3135 692 3179 ea
714 3116 898 3180 coniectura
921 3116 1076 3199 capiatur,
1098 3120 1133 3179 ut
1153 3115 1183 3179 ei
1198 3116 1304 3198 potius

127 3222 316 3302 repugnent.
361 3218 498 3296 Quinam
520 3222 594 3282 sunt
620 3216 831 3300 intellegendi
858 3230 964 3282 κεῖνοι
988 3229 1101 3300 νομεῖς
1124 3217 1210 3300 (aar
1254 3218 1304 3281 An

127 3321 151 3385 ii
174 3320 231 3405 qui
254 3321 286 3384 in
309 3319 369 3386 hoc
392 3318 507 3404 idyllio
530 3317 757 3403 producuntur,
773 3320 919 3403 Daphnis
943 3325 975 3385 et
990 3319 1173 3384 Menalcas?
1196 3321 1305 3383 Enim·

127 3443 203 3488 vero
227 3423 297 3487 lieri
317 3442 379 3486 non
401 3426 517 3506 potest,
544 3427 579 3486 ut
602 3434 708 3486 κεῖνοι
731 3434 842 3505 νομεῖς
870 3420 913 3487 ad
941 3443 1049 3487 omnes
1072 3423 1211 3486 omnium
1234 3442 1304 3486 car·

127 3527 249 3590 minum
271 3529 418 3610 pastores
441 3528 476 3588 ut
498 3529 624 3607 oportet
646 3523 838 3589 referantur!
883 3527 965 3589 Tum
988 3524 1066 3608 quid
1089 3523 1219 3589 tandem
1242 3524 1304 3589 sibi

126 3628 197 3693 vult
219 3624 340 3711 παρών
362 3618 476 3692 draca?
498 3627 610 3692 Nonne
632 3627 693 3691 hoc
716 3626 890 3691 absurdum
914 3634 971 3710 est,
993 3628 1020 3693 si
1043 3625 1077 3690 id
1100 3626 1186 3710 quod
1202 3626 1305 3691 Hiller

214 3814 237 3882 ¹)
256 3813 336 3867 Errat
352 3813 437 3882 igitur
454 3813 482 3866 in
499 3813 550 3867 hac
567 3829 597 3868 re
615 3818 644 3868 et
662 3813 721 3882 ipse
740 3813 854 3868 croiret.
867 3814 885 3867 l.
899 3814 915 3868 l.
929 3816 962 3883 V,
980 3831 1007 3882 p.
1023 3817 1093 3868 184³:
1112 3813 1305 3881 «l’eupression

128 3899 307 3954 Βουκολικαῖ
326 3899 444 3963 Μοῖσαι,
462 3899 509 3967 qui
526 3901 596 3953 n’est
614 3915 663 3967 pas
681 3898 716 3951 de
734 3898 761 3951 Ia
779 3897 879 3966 langue
897 3899 932 3952 de
951 3897 1122 3953 Theocrite».

213 3987 237 4051 ²)
255 3984 344 4037 Etiam
361 3983 541 4053 interpolator
558 3985 585 4037 in
603 3984 639 4037 id.
652 3984 727 4051 VIII,
742 3989 774 4038 32
792 3985 922 4053 repetivit
939 3983 1007 4037 illud
1024 3977 1202 4055 βοοκοῖικάν
1219 4000 1304 4053 appo-

126 4069 211 4124 situm
228 4068 265 4123 ad
284 4061 393 4122 ἀοιδάν.

214 4155 238 4222 ⁸)
257 4153 298 4208 Of.
317 4153 395 4208 Burs.
414 4152 507 4208 Jahrb.
528 4158 593 4208 1883
612 4170 638 4221 p.
652 4158 701 4207 279
716 4170 776 4223 sqq.

216 4240 238 4309 ⁴)
256 4238 328 4293 Item
346 4239 431 4294 sensit
449 4239 484 4292 de
503 4255 535 4292 ea
552 4244 629 4307 parte
642 4239 735 4293 Didot.
747 4257 774 4308 p.
788 4245 850 4292 450:
869 4239 924 4296 «On
942 4243 1072 4308 ytrouve
1092 4239 1210 4308 quelque
1223 4239 1305 4293 chose

127 4322 165 4381 de
180 4327 258 4380 cette
274 4323 357 4378 noble
374 4324 532 4392 InspiratIon
551 4339 605 4392 que
623 4323 728 4394 Virgilc
746 4340 762 4377 a
780 4325 803 4378 si
821 4324 884 4379 bien
902 4324 990 4378 sentio
1009 4328 1037 4378 et
1055 4322 1219 4392 exprimes».
1238 4352 1271 4362 -
