2866 4822
579 1017 749 1147 Caput
782 1018 844 1118 Π.

521 1204 579 1278 De
609 1205 768 1278 carmine
798 1226 904 1277 nono.

211 1371 326 1438 Omnia
349 1372 417 1437 eius
443 1371 579 1455 generis,
606 1392 689 1454 quae
716 1372 748 1436 in
775 1370 890 1456 idyllio
914 1371 993 1434 VIII
1020 1369 1230 1454 Improbanda
1252 1370 1301 1436 su-

125 1479 227 1556 erunt,
249 1495 330 1539 nono
353 1494 479 1557 quoque
502 1473 634 1540 carmini
656 1473 833 1554 inhaerent,
855 1472 913 1538 sed
937 1493 973 1538 eo
996 1471 1188 1554 discrimine,
1211 1473 1301 1538 utin

125 1577 185 1642 hoe
216 1596 256 1642 ea
284 1576 385 1641 multo
413 1575 517 1659 magis
546 1576 578 1640 in
609 1580 721 1659 aperto
752 1575 824 1640 sint.
868 1576 909 1639 Et
939 1594 1043 1640 rerum
1072 1594 1190 1658 magna
1218 1576 1301 1639 inter
1386 1624 1388 1629 ⁴

125 1683 294 1762 utrumque
324 1677 500 1743 similitudo
531 1678 703 1762 oonspieua
734 1681 784 1742 est
813 1677 885 1761 ipsa
913 1677 1121 1760 inscriptione
1151 1676 1197 1759 (k.
1221 1697 1249 1760 p.
1272 1675 1300 1760 s)

125 1782 196 1865 pari
218 1780 294 1845 huio
316 1784 349 1844 et
371 1780 427 1844 1111.
471 1780 578 1863 Atque
602 1780 700 1845 etiam
723 1779 872 1844 carminis
895 1777 1063 1844 exordium
1086 1776 1208 1864 (1-o):

213 1901 229 1964 1
253 1894 506 1964 Βουκολιάοδεο
529 1894 646 1979 Δάφνι,
669 1893 712 1963 τι)
736 1889 765 1962 δ’
781 1888 872 1982 adduc
895 1889 993 1981 ἄρχεο
1016 1900 1154 1980 πρᾶτος,

254 1993 343 2085 φ’δᾶς
366 1993 463 2085 ἄρχεο
486 2002 625 2086 πρᾶτος,
648 1995 841 2082 denudetur
865 2000 901 2064 δὲ
922 1997 1111 2076 Marsuas,

252 2099 383 2187 μόσχως
405 2103 525 2183 βουσὶν
546 2095 698 2184 ὑφέντες,
719 2092 789 2168 ὑπὸ
812 2103 971 2185 oratorum
994 2102 1029 2167 δὲ
1052 2098 1193 2185 ταύρως.

251 2203 306 2290 χοὶ
327 2205 390 2288 μὲν
411 2205 477 2288 ἁμᾶ
499 2200 680 2284 βόσκοιντο
704 2205 760 2268 καὶ
784 2203 820 2269 ἐν
843 2200 1001 2286 φύλλοισι
1022 2206 1204 2288 ιιλοινῷντο

252 2305 355 2393 μηδὲν
378 2299 465 2391 ἄτιμ’
481 2297 691 2391 ἄγελεῦντες’
716 2305 789 2391 ἐμὶν
811 2307 847 2372 δὲ
870 2301 911 2371 sd
934 2302 1177 2386 βουκολιάοδευ

211 2413 231 2476 6
254 2407 414 2494 ἐ’μιιοθεν,
438 2400 563 2475 ἄλλοθι
586 2401 616 2472 δ’
631 2401 732 2485 αὖθις
754 2398 976 2492 ὑποκρίνοιτο
999 2401 1186 2486 Μενάλκας.

126 2566 167 2576 -
190 2530 237 2596 sio
259 2532 366 2594 autem
395 2547 507 2595 versus
533 2527 601 2594 ood.
624 2529 782 2595 Vaticano
805 2527 862 2613 (m)
893 2526 1117 2611 exhibentur1)
1140 2566 1181 2576 —
1204 2528 1301 2594 simili

126 2633 249 2697 ratione
272 2636 370 2715 atque
392 2630 479 2697 illius
501 2635 648 2714 paratum
663 2629 819 2712 videmus,
841 2629 898 2696 sed
918 2628 1083 2695 anteoedit
1102 2630 1183 2696 illud
1203 2631 1300 2696 etiam

126 2733 271 2800 versibus
294 2732 541 2817 impolitioribus
564 2737 596 2798 et
618 2731 811 2814 rudioribus,
833 2738 868 2798 ut
891 2752 983 2798 nemo
1006 2731 1156 2816 prudens,
1179 2733 1254 2815 quin
1277 2733 1301 2797 ii

126 2841 234 2902 essent
255 2835 430 2916 subditioii,
452 2835 494 2900 ab
517 2839 625 2900 aetate
647 2836 699 2901 Fr.
714 2834 856 2901 Jacobsii
880 2833 979 2919 (apud
999 2834 1236 2900 Wuestemann.
1258 2834 1301 2900 ad

126 2938 168 3004 id.
191 2939 240 3003 IX
262 2937 341 3022 arg.)
371 2936 577 3002 dubitaverit.
625 2937 763 3003 Proinde
793 2956 962 3021 pareamus
991 2936 1101 3002 multis
1130 2937 1238 3003 verbis
1269 2942 1302 3002 et

126 3041 307 3106 summatim
329 3039 424 3104 modo
448 3040 695 3123 oompleotamur
721 3060 761 3104 ea
787 3038 828 3104 de
856 3038 971 3122 quibus
1002 3039 1126 3102 affatim
1156 3038 1301 3122 disputa·

125 3148 192 3207 tum
216 3147 249 3206 et
270 3142 424 3226 seriptum
444 3146 477 3206 et
497 3142 637 3206 omnium
656 3142 724 3206 fere
744 3163 794 3207 vv.
810 3140 863 3206 dd.
879 3159 1050 3206 consensus
1073 3145 1130 3205 est.
1164 3139 1301 3205 Offensi-

126 3263 202 3309 ones
225 3243 324 3327 igitur
346 3247 519 3308 naseuntur
546 3263 587 3308 ex
613 3243 714 3327 primo
742 3262 836 3307 versu
862 3241 1003 3326 spondeo
1031 3245 1107 3306 ante
1135 3260 1300 3307 caesuram

125 3345 305 3413 buoolioam
319 3346 433 3430 posito,
452 3366 494 3409 ex
508 3366 538 3410 v.
551 3348 570 3409 2
590 3350 720 3429 propter
736 3344 934 3429 anaphoram
954 3344 1023 3409 sine
1038 3343 1070 3408 vi
1086 3342 1267 3409 adhibitam
1275 3343 1299 3428 ²)

210 3534 232 3599 ¹)
250 3531 376 3586 Variatur
392 3531 420 3584 ln
437 3547 464 3585 v.
483 3535 497 3583 2
521 3533 627 3600 πρᾶιος
646 3522 720 3583 ἄειδε
738 3529 781 3597 (p)
801 3560 831 3568 -
851 3523 944 3598 Λάφνι
963 3520 1141 3596 οννιιψάοδω
1161 3527 1199 3592 (k.
1217 3528 1248 3596 p)
1267 3560 1301 3568 -

123 3620 230 3690 πρᾶιος
253 3610 409 3686 ἐφεψάσθω
434 3616 531 3685 vulgo;
553 3616 581 3669 in
604 3620 663 3671 ne
690 3608 774 3682 ἄτιμα
797 3617 937 3684 γελεῦντες
961 3615 1003 3684 (p)
1022 3645 1054 3653 —
1074 3607 1300 3683 ἀτιμαγελοῦντες

123 3705 247 3775 (vulgo);
265 3703 293 3756 in
311 3708 365 3757 v.6
383 3707 492 3771 praeter
511 3695 662 3764 Μενάλκιις
686 3700 789 3756 nullum
808 3700 921 3755 verbum
944 3706 987 3756 est
1011 3699 1086 3769 quod
1110 3716 1164 3753 non
1183 3699 1301 3754 vertatur

123 3821 156 3829 —
175 3788 368 3857 ποτικρλνοιτο
386 3787 427 3856 (k.
439 3803 466 3854 p.
480 3787 513 3856 e).
534 3817 568 3824 -

210 3877 231 3944 2)
250 3871 290 3928 ef.
309 3872 472 3942 anaphoram
490 3872 613 3941 similius,
637 3871 688 3926 sed
712 3870 863 3939 elegantius
887 3868 1020 3939 prolatam
1044 3869 1119 3939 apud
1137 3868 1213 3925 Bion.
1233 3868 1298 3939 epit.

123 3960 215 4014 Ad⁰¹¹·
229 3964 241 4014 ¹
256 3974 310 4027 ⁸4²
346 3985 443 4058 Αἰὰζω
463 3984 513 4046 τὸν
526 3983 655 4045 Ἄδωνιν·
676 3982 802 4044 ἀπώλετο
821 3982 908 4052 καλὸς
922 3980 1043 4053 Ἄδωνις,

347 4069 433 4132 ὤλετο
451 4071 540 4140 καλὸς
554 4068 675 4142 Ἄδωνις,
694 4068 858 4141 ἐπαιάζονοι
877 4068 983 4145 ὶλιωτες.

124 4179 165 4235 Gt.
184 4179 267 4234 etiam
284 4179 315 4234 Il.
329 4180 390 4248 XX,
403 4184 450 4234 371
465 4195 505 4249 sq.
525 4211 558 4218 -
576 4179 618 4234 Of.
635 4195 663 4246 p.
676 4183 706 4234 41
722 4194 763 4248 sq.
799 4176 975 4233 Vorsifioator
993 4181 1085 4246 captat
1103 4176 1171 4231 hano
1189 4174 1299 4229 dicendi

123 4263 244 4335 figuram.
