2866 4822
1261 263 1300 327 61

123 439 258 519 propter
282 458 302 498 α
330 434 518 518 productum
550 433 684 498 offendit
707 433 887 498 Meinekius
918 432 1074 497 adnotans
1105 432 1137 515 (l.
1156 432 1176 496 l.
1195 454 1224 516 p.
1240 434 1302 496 468

123 536 224 601 adh.
248 538 302 618 v.):
332 537 403 618 ‚Tin
427 528 512 601 ὅκκα
542 541 724 601 constanter
751 537 783 600 in
811 536 923 599 ultima
950 537 1133 619 corripere’3
1161 534 1218 600 sed
1248 535 1303 600 ille

123 660 240 724 parum
264 638 436 722 diligenter
459 639 500 703 de
523 659 562 704 ea
584 660 618 704 re
641 644 846 724 percontatus
869 645 919 703 θεῖ
941 642 1077 722 poetam,
1099 638 1186 723 apud
1210 658 1304 720 quem

123 761 179 806 res
201 742 248 806 ita
270 762 305 806 se
328 741 438 806 habet:
462 734 548 806 ὅκκα
570 762 641 806 cum
664 741 797 806 elisione
819 740 940 806 vocalis
963 764 983 803 α
1006 741 1158 824 scriptum
1181 746 1230 805 est
1253 740 1303 806 his

124 844 219 909 locis:
243 845 268 926 I,
283 846 332 910 87.
356 844 410 926 IV,
426 845 474 908 5o.
497 844 567 925 XV,
584 845 658 924 144;
682 836 771 908 ὅκκα
791 841 916 926 γλυκύς
938 843 1057 927 legitur
1080 843 1112 907 in
1134 844 1191 924 XI,
1206 845 1247 907 22
1271 848 1303 907 et

125 948 177 1027 23,
201 944 259 1011 sed
283 939 368 1009 ὅκκᾶ
391 941 524 1009 idonci
551 946 583 1009 in
611 946 666 1027 IV,
686 947 740 1026 21,
770 950 879 1010 contra
911 945 997 1027 quod
1027 945 1207 1030 exemplum
1238 950 1303 1010 stat

124 1049 181 1113 hio
203 1048 292 1113 locus
315 1041 401 1112 ὅκκᾶ
422 1041 542 1126 adium
569 1049 659 1130 atqui
687 1052 720 1111 et
741 1046 871 1130 longum
899 1068 1024 1130 quoque
1048 1072 1068 1110 α
1094 1048 1198 1132 potuit
1225 1046 1302 1112 elidi

126 1155 160 1214 et
184 1142 270 1212 ὅκκα
301 1155 497 1215 contractum
527 1155 576 1214 est
606 1171 646 1214 ex
678 1142 741 1213 ὅκα
768 1157 824 1228 κα,
855 1156 890 1215 ut
913 1150 1035 1215 Hillero
1065 1150 1302 1215 assentiendum

125 1253 170 1318 sit
192 1251 314 1317 dicenti
338 1251 393 1335 (ad
417 1253 447 1317 h.
462 1251 517 1336 v.):
549 1243 650 1334 ,ὅκκᾶ
678 1253 721 1317 ist
750 1252 804 1317 die
834 1257 974 1317 correcte
997 1254 1169 1336 Messung'.
1212 1252 1303 1317 ldem

125 1361 295 1420 senserunt
318 1354 495 1419 Buecheler
518 1354 551 1439 (Ι.
566 1355 586 1418 l.
605 1376 634 1439 p.
651 1354 725 1439 348)
749 1359 782 1419 et
803 1355 942 1419 Brinker
966 1353 1006 1439 (p.
1027 1354 1089 1440 29).
1134 1356 1241 1438 Atque
1268 1361 1303 1420 ut

126 1456 163 1520 αἲ
185 1463 229 1520 κᾶ
251 1476 376 1540 semper
399 1481 419 1520 α
441 1456 596 1540 producto
620 1455 672 1542 (ci.
692 1459 716 1538 I,
736 1458 764 1520 4.
785 1459 813 1522 5.
834 1460 862 1522 9.
883 1459 931 1521 sl.
955 1458 990 1522 V.
1012 1460 1061 1522 21.
1084 1458 1155 1539 VII,
1175 1460 1224 1522 55.
1245 1459 1303 1539 Xl,

125 1561 183 1643 61)
199 1560 305 1642 posuit
327 1563 432 1642 poeta,
455 1563 598 1623 attamen
622 1558 687 1623 oia'
702 1559 830 1642 scripsit
853 1583 873 1622 α
896 1559 974 1625 eliso
990 1560 1026 1642 V,
1042 1561 1091 1641 51,
1114 1560 1160 1624 ita
1175 1579 1302 1643 prorsus

126 1659 243 1725 eadem
270 1661 395 1725 ratione
424 1661 521 1725 scribi
555 1660 668 1725 debuit
702 1653 788 1725 ὅκκᾶ
821 1665 854 1725 et
887 1661 991 1744 potuit
1024 1665 1131 1726 tamen
1162 1686 1182 1725 α
1212 1661 1302 1726 elidi:

125 1764 264 1846 Egomet
290 1763 389 1846 igitur
419 1783 532 1828 censeo
561 1763 679 1828 rectius
709 1753 795 1826 ὅκκα
824 1761 1019 1827 metiendum
1050 1762 1149 1829 fuisse
1179 1764 1302 1847 poetae,

125 1864 186 1930 sed
209 1866 414 1930 nihilominus
437 1866 543 1930 eidem
565 1866 694 1931 licuisse
717 1867 856 1931 scribere
881 1859 966 1930 ὅκκᾶ
988 1871 1085 1949 atque
1109 1869 1207 1931 etiarn
1230 1858 1302 1931 ὅκκ’

126 1968 255 2033 abiecto
280 1992 310 2047 o,
333 1968 427 2032 sicuti
451 1968 571 2033 factum
595 1974 644 2033 est
662 1967 683 2053 ).

216 2088 296 2150 Tum
320 2107 413 2152 versu
437 2089 490 2152 73:

229 2204 288 2281 τὰς
311 2203 459 2290 δαμάλας
481 2209 677 2289 καρελᾶυτα
699 2201 804 2271 καλὸν
825 2200 930 2271 καλὸν
952 2192 1033 2294 ἦμεν
1057 2205 1200 2289 ’ἔφασκεν

126 2326 246 2393 collato
270 2347 341 2391 cum
364 2325 406 2389 id.
423 2327 460 2407 V,
476 2328 529 2391 89:

273 2440 331 2521 τὰς
354 2440 446 2528 αἶγας
468 2447 662 2529 acosimum
684 2446 739 2508 καὶ
763 2443 825 2510 ἁδύ
848 2471 880 2509 τι
902 2444 1153 2511 ποαπυλιάσδει

125 2581 180 2665 (cf.
204 2582 301 2645 etiam
325 2581 367 2646 id.
387 2583 446 2663 III,
461 2582 517 2662 tf?
542 2587 574 2645 et
596 2581 638 2646 id.
657 2583 730 2664 XX,
750 2583 803 2667 30)
826 2583 1038 2647 imitationem
1060 2585 1092 2648 in
1116 2585 1166 2650 his
1189 2606 1246 2668 pro
1268 2606 1302 2650 re

125 2690 293 2767 comperta
315 2705 376 2748 non
404 2684 567 2765 habemus,
590 2686 779 2767 praesertim
810 2705 881 2749 curn
910 2683 1088 2751 identidem
1117 2688 1149 2750 in
1179 2687 1303 2772 idylliis

124 2786 210 2852 tales
233 2787 401 2851 verborum
424 2787 718 2869 sententiarumque
741 2787 948 2870 repetitiones
971 2789 1182 2870 inveniamus,
1206 2790 1245 2855 ci.
1266 2791 1302 2872 V,

126 2893 169 2955 88
192 2910 263 2955 cum
286 2890 340 2971 VI,
360 2891 393 2970 ὅς
416 2928 457 2934 -
480 2891 516 2973 V,
537 2892 577 2954 85
605 2910 676 2955 cum
700 2891 753 2972 VI,
773 2893 806 2970 83
828 2928 870 2934 —
893 2890 929 2971 V,
949 2892 990 2955 89
1018 2912 1089 2957 cum
1116 2893 1174 2976 III,
1195 2896 1214 2959 6
1234 2914 1302 2976 sqq.

126 2992 180 3078 (cf.
204 2993 302 3057 etiarn
324 3014 354 3076 p.
370 2995 411 3057 39
433 2993 463 3057 h.
479 2991 582 3078 disp).
608 3031 647 3038 -

214 3096 303 3174 Quae
334 3115 404 3160 eum
434 3095 482 3159 ita
511 3095 575 3159 sint
604 3116 738 3178 cumque
768 3099 936 3178 praeterea
967 3097 1070 3161 colore
1100 3119 1175 3163 vere
1198 3098 1302 3162 Theo-

125 3199 227 3263 criteo
251 3197 377 3280 singula
392 3197 533 3262 disticha
548 3197 716 3263 videamus
736 3203 857 3279 ornata,
880 3218 941 3262 non
963 3205 1020 3281 est,
1042 3221 1097 3264 cur
1118 3219 1171 3265 eos
1191 3220 1301 3265 versus

125 3320 146 3363 a
170 3305 266 3382 poeta
288 3300 468 3364 necessario
491 3299 756 3385 abiudicemus2);
780 3305 912 3385 possunt
935 3307 1041 3366 tamen
1064 3301 1162 3367 iidem
1186 3302 1301 3366 nihilo-

125 3401 231 3466 secius
254 3401 337 3467 alius
359 3403 498 3466 auctoris
522 3421 605 3483 esse3
633 3409 667 3468 at
695 3409 781 3468 certe
805 3410 877 3469 sunt
900 3410 1029 3489 poetae,
1056 3425 1118 3468 non
1140 3405 1301 3470 versifica·
1384 3387 1387 3395 ’

125 3504 219 3584 toris3
242 3502 354 3586 quidni
378 3505 553 3587 cogitemus
575 3503 616 3568 de
639 3506 738 3570 Bione
768 3512 824 3571 aut
846 3507 989 3588 Moscho,
1020 3507 1139 3590 quippe
1169 3527 1301 3589 quorum

125 3605 283 3688 reliquiae
316 3627 428 3690 parum
462 3610 556 3670 acute
586 3605 769 3692 dispicienti
803 3614 933 3693 propter
963 3610 1114 3674 orationis
1145 3616 1177 3675 θῖ
1207 3629 1301 3692 argu·

124 3713 305 3773 mentorum
339 3708 581 3774 similitudinem
615 3711 762 3775 nimirum
792 3712 1005 3778 Theocriteae
1034 3711 1138 3776 videri
1170 3713 1302 3796 possint,

124 3816 162 3875 ut
187 3811 336 3895 exempla
358 3831 435 3876 sane
459 3810 688 3878 demonstrant.
711 3850 751 3858 —
775 3814 882 3896 Atque
905 3812 1032 3879 eosdem
1056 3834 1167 3879 versus
1189 3818 1302 3899 postea

214 4001 235 4066 ¹)
254 3998 432 4052 Coniecturae
450 3998 532 4066 igitur
550 3999 604 4053 hoc
621 3998 683 4053 loco
700 4004 763 4054 sunt
780 4000 903 4067 inutiles3
923 4000 946 4053 εἰ
958 4015 1012 4069 qua
1024 4015 1095 4068 opus
1107 4005 1156 4068 est,
1175 3999 1303 4053 Meinekii

125 4083 294 4137 emendatio:
314 4076 375 4136 ὅκκ’
390 4071 425 4135 αὖ
443 4077 530 4136 πάλιν
549 4090 591 4137 θεῖ
608 4083 697 4140 facilis
715 4090 743 4138 et
760 4085 843 4152 bona,
864 4084 898 4138 cf.
912 4083 959 4153 IV,
971 4090 1016 4138 48:
1042 4079 1076 4138 i'd'
1090 4073 1125 4138 αὖ
1149 4079 1235 4138 πάλιν
1254 4077 1302 4138 ὅδε

124 4165 271 4238 unisona.
290 4168 324 4235 V,
340 4173 395 4222 149.
414 4198 448 4206 -
466 4168 600 4223 Codicum
618 4169 635 4222 h
655 4175 683 4223 et
701 4170 826 4224 electio:
852 4163 914 4224 ὅκκ’
929 4161 963 4224 dv
981 4169 1112 4224 videlicet
1130 4176 1189 4224 orta
1207 4176 1250 4223 θεῖ
1268 4185 1302 4223 ex

124 4260 216 4307 mente
235 4253 374 4320 insipienti
393 4254 493 4307 veteris
511 4254 626 4308 alicuius
644 4255 819 4324 grammatici.
838 4285 872 4293 —

211 4340 234 4407 Ι)
252 4337 329 4391 Idem
347 4337 451 4392 iudicat
470 4343 564 4392 eontra
581 4338 702 4394 Brinker.
722 4339 803 4393 etiam
821 4339 955 4408 Legrand.
973 4339 991 4392 l.
1003 4339 1020 4393 Ι.
1039 4355 1066 4407 p.
1082 4343 1120 4393 16.
1139 4367 1172 4376 -
