2866 4822
143 238 182 301 18

140 407 291 471 Attamen
315 409 468 473 hocloco
491 429 551 472 non
576 415 640 471 tarn
665 407 763 472 refert
785 413 949 491 pastorum
970 414 1110 474 aetatem
1126 411 1315 493 simpliciter

139 508 271 593 depingi
301 511 493 576 contrariam
523 510 693 590 senectuti,
724 530 819 592 quam
842 517 987 594 pastores
1010 512 1136 576 etiamsi
1159 514 1314 597 puerilem

138 617 279 677 aetatem
309 618 442 697 agentes
472 605 627 697 (duddo),
656 618 763 678 tamen
791 634 853 678 non
875 614 1039 697 puerulos,
1070 614 1128 680 sed
1150 616 1314 699 pubertati

138 715 301 798 propiores
316 735 431 799 pueros
447 714 639 780 adumbrari.
675 715 772 780 Cuius
788 716 952 781 aetatulae
968 717 1152 783 differentia
1168 719 1314 784 subtilior

138 818 248 899 nequit
284 818 432 900 cognosci
469 819 655 902 capillorum
692 819 800 902 specie
833 819 1010 902 coloreque,
1045 819 1165 904 qnippe
1199 822 1314 904 quibus

137 921 240 1002 pueri,
270 920 495 1003 pubescentes,
525 919 760 1002 adulescentes,
791 921 888 985 etiam
910 922 1042 987 invenes
1064 943 1126 987 non
1148 923 1196 987 ita
1220 925 1313 988 valde

137 1022 220 1086 inter
250 1041 284 1087 se
307 1021 471 1104 differant,
501 1043 609 1087 verum
632 1027 740 1087 tamen
763 1024 844 1088 varii
867 1024 985 1089 aetatis
1008 1025 1077 1089 eius
1099 1025 1223 1108 gradus
1247 1026 1313 1111 dig-

136 1125 225 1189 nosci
261 1124 364 1189 solent
400 1125 502 1189 barba
538 1124 633 1190 modo
671 1125 840 1191 deficiente
877 1126 970 1191 modo
1007 1127 1182 1211 incipiente
1220 1129 1312 1195 modo

135 1227 313 1309 pullulante
347 1233 378 1292 et
412 1228 537 1311 plenius
570 1235 741 1293 crescente.
796 1229 868 1306 Qua
901 1250 941 1293 ex
974 1250 1008 1294 re
1041 1231 1178 1314 petitum
1212 1252 1311 1315 genus

135 1328 264 1394 dicendi
294 1335 413 1411 quanto
444 1351 515 1395 eum
544 1329 649 1395 studio
681 1340 713 1395 et
743 1351 850 1396 amore
880 1337 996 1415 poetae
1019 1332 1160 1416 amplexi
1184 1334 1250 1399 sint
1273 1334 1311 1400 ad

135 1431 309 1496 ornandam
333 1433 516 1515 orationem,
546 1434 617 1515 quis
645 1438 694 1498 est
716 1434 793 1516 quin
815 1434 959 1499 noverit?
1002 1435 1099 1500 Velut
1121 1437 1311 1503 Theocritus

135 1535 205 1617 ipse
228 1535 260 1598 in
282 1535 325 1599 id.
340 1535 409 1617 XV,
422 1537 463 1600 85
486 1535 527 1601 de
550 1534 698 1600 Adonide
720 1534 813 1601 dicit:

382 1676 511 1755 πρᾶτον
534 1670 653 1736 ἰὀυλον
677 1663 744 1736 dod
768 1669 952 1754 κροτάφων
973 1670 1209 1755 καταβάλλων,

236 1762 254 1838 ὁ
278 1775 474 1858 τριφίλητος
490 1767 638 1852 Ἄδωνις,

133 1915 166 1975 et
188 1911 221 1975 in
244 1911 286 1976 id.
304 1913 394 1994 XI‚9
418 1911 458 1976 de
481 1911 678 1996 Polyphemo
701 1912 909 1995 pubescente:

235 2041 310 2132 ἄρτι
332 2044 535 2133 γενειάοδων
557 2050 634 2131 περὶ
656 2041 697 2113 τὸ
720 2044 825 2132 στόμα
848 2045 912 2125 τως
935 2046 1116 2131 κροτάφως
1138 2074 1185 2115 τε.

133 2168 180 2233 cf.
204 2169 300 2233 etiam
324 2167 366 2233 id.
382 2170 423 2250 Π,
436 2171 475 2234 77
489 2188 534 2251 sq.
579 2167 737 2234 Addimus
767 2189 864 2232 unum
894 2170 1073 2252 exemplum
1101 2171 1308 2237 memorabile

132 2270 217 2353 quod
251 2270 337 2355 apud
367 2270 564 2353 Herondam,
597 2271 765 2354 aequalem
794 2270 862 2336 fere
892 2271 1056 2336 Theocriti
1084 2278 1229 2358 poetam,
1263 2276 1308 2339 in·

133 2392 277 2457 venimus
301 2390 396 2475 (mim.
412 2393 437 2474 Ι,
449 2394 489 2457 51
501 2391 595 2475 sqq.):

335 2529 476 2595 ὁτέντε
499 2529 622 2593 νικέων
644 2520 744 2611 ἆθλα,
768 2539 847 2604 ταῖς
868 2528 933 2611 μὲν
952 2527 989 2592 ἐν
1012 2531 1136 2607 Πυθοῖ,

337 2633 386 2706 δὶς
411 2626 438 2696 d'
455 2630 490 2696 ἓν
514 2632 675 2715 Κορίνθῳ
697 2623 778 2707 τοὺς
801 2630 918 2695 ἰὀυλον
941 2624 1138 2710 ἇνθεῦντας,

338 2727 461 2819 ἄνδρας
485 2734 520 2799 δὲ
543 2735 628 2817 Πίσῃ
652 2734 701 2810 δὶς
723 2738 860 2798 καθεῖλε
883 2729 1083 2810 πυκτεύοας.
1093 2735 1115 2819 ¹)

216 2858 262 2921 Αο
295 2877 335 2921 ne
368 2856 428 2921 hoc
462 2854 592 2939 quidem
625 2855 694 2920 loco
729 2855 801 2920 voci
834 2855 1048 2938 πυρροτρίχω
1080 2854 1179 2919 ullam
1210 2856 1307 2920 aliam

130 2959 396 3042 significationem
426 2958 557 3024 subesse
587 2958 646 3021 nisi
679 2978 749 3022 eam
780 2956 822 3021 de
852 2978 917 3039 qua
942 2956 1036 3022 modo
1059 2957 1213 3041 diximus,
1243 2959 1306 3022 iam

130 3061 222 3125 nobis
245 3061 421 3126 certissime
443 3059 709 3143 persuadebimus
732 3059 826 3124 simul
849 3066 946 3141 atque
969 3058 1204 3142 respexerimus
1227 3059 1307 3125 duos

129 3163 209 3228 alios
232 3163 318 3228 locos
341 3163 428 3247 apud
450 3162 655 3227 Theocritum
679 3163 829 3245 insignes,
851 3162 987 3225 alterum
1011 3159 1066 3245 (id.
1082 3159 1195 3246 vl,3):

753 3274 792 3368 ἧς
815 3270 878 3345 δ’ὁ
901 3281 962 3365 μὲν
985 3271 1101 3346 αὐτῶν

332 3381 502 3470 τυρρόςλ)
527 3374 545 3447 ὁ
570 3377 598 3449 δ’
614 3375 805 3471 ἦριγένειος·

129 3524 264 3588 alterum
287 3520 343 3607 (id.
358 3523 427 3605 XV,
441 3523 644 3606 128-130):

215 3728 236 3796 ¹)
254 3727 398 3780 Praeterea
415 3725 449 3780 cf.
469 3727 503 3780 de
522 3725 617 3779 eadem
640 3740 670 3780 re
689 3725 790 3780 Gallim.
808 3725 899 3795 hymn.
918 3725 945 3778 in
962 3724 1025 3779 θον.
1045 3728 1133 3793 55sq.‚
1152 3724 1184 3778 ll.
1204 3725 1305 3794 XXIV,

129 3815 177 3866 347
188 3828 237 3881 sq.,
263 3811 378 3878 0Xm,
402 3816 450 3864 317
461 3826 529 3880 sqq.‚
555 3811 637 3880 Verg.
656 3811 725 3864 Aen.
743 3810 782 3878 X,
801 3814 859 3878 324,
883 3809 962 3864 Ovid.
981 3809 1088 3863 Metam.
1105 3809 1171 3877 XII,
1191 3815 1241 3864 395
1255 3827 1305 3880 sq.,

128 3895 210 3951 'lhist
229 3897 277 3964 IV,
298 3901 336 3950 10.
356 3901 396 3950 56.
432 3891 475 3950 Ao
492 3912 526 3950 ne
544 3896 681 3965 pedestris
705 3896 816 3965 quidem
835 3895 971 3949 orationes
990 3895 1137 3963 scriptores
1157 3895 1306 3950 abhorrent

128 3981 162 4036 ab
181 3983 234 4037 hoc
252 3981 362 4036 dicendi
379 3997 444 4049 usu3
463 3981 497 4035 cf.
514 3982 639 4050 Xenoph.
651 3981 751 4052 Cyrop.
768 3981 816 4051 IV,
830 3985 854 4050 6,
867 3985 890 4034 5.
909 4011 941 4018 -
960 3979 1028 4034 Plat.
1046 3996 1134 4050 symp.
1152 3996 1179 4049 p.
1195 3985 1253 4051 181,
1271 3982 1304 4036 D.

127 4095 161 4106 —
178 4068 215 4121 id.
234 4067 307 4121 Prot.
327 4067 419 4121 309A.
432 4067 463 4120 B.

214 4171 234 4240 a)
253 4170 323 4233 Quin
335 4163 441 4240 πυρρός
459 4170 494 4223 de
506 4170 605 4225 barbae
617 4170 719 4238 primae
731 4169 857 4239 lanugine
868 4169 921 4224 hoc
934 4173 962 4224 et
974 4173 1108 4238 sequente
1122 4169 1186 4224 loeo
1199 4169 1304 4224 dictum

126 4254 170 4325 sit,
189 4255 309 4310 omnium
327 4256 502 4324 interpretum
521 4261 651 4324 quantum
663 4256 746 4309 video
759 4271 895 4310 consensu
910 4271 965 4309 non
982 4255 1140 4325 ambigitur3
1159 4254 1193 4311 of.
1207 4255 1303 4311 scholl.

127 4341 304 4398 muh—
