2866 4822
1274 253 1315 316 25

135 419 315 504 adscripta,
338 420 369 483 in
393 421 508 504 quibus
532 420 677 504 quintum
701 424 788 485 certo
811 418 1040 485 numerandum
1064 424 1120 503 est,
1144 425 1176 485 et
1190 420 1316 486 ludicra

134 520 344 588 versificandi
368 522 477 586 studia
500 543 569 588 esse
593 523 736 604 aliorum,
766 542 844 605 quos
867 529 995 606 poetam
1025 524 1145 588 imitari
1175 525 1317 606 iuvabat,

138 626 330 708 ambiguum
354 629 411 707 est,
433 645 474 689 an
498 626 646 708 vestigia,
669 626 695 690 si
718 646 779 689 non
803 625 955 706 eiusdem,
978 629 1012 689 at
1035 626 1171 690 fortasse
1203 627 1317 691 similis

138 729 211 794 stili
235 729 266 792 111
290 733 425 811 utroque
452 732 600 811 poemate
624 727 678 810 (id.
702 733 735 792 11
758 727 869 812 epigr.)
897 727 1106 812 dispiciamus
1115 729 1146 811 ¹).
1190 728 1254 794 Sed
1284 730 1317 794 in

135 831 298 897 lubricam
321 831 406 896 viam
429 851 468 895 ne
491 831 687 896 aberremus!

227 935 297 998 Iam
320 954 395 998 vero
419 934 587 998 haeremus
609 934 643 997 in
665 954 712 1014 eo,
734 932 819 1015 quod
842 939 915 1017 post
930 953 961 998 v.
979 936 1018 998 10
1038 934 1211 999 insolenter
1226 956 1318 1018 prae-

140 1037 336 1102 termittitur
358 1056 469 1101 versus
492 1036 736 1119 interloquentis
759 1035 882 1119 (versus
906 1036 1045 1101 diverbii
1067 1041 1175 1120 partes
1191 1037 1319 1102 coniun-

137 1138 246 1225 gens),
276 1144 372 1204 antea
394 1154 422 1203 r.
450 1141 468 1203 5
498 1143 531 1203 et
554 1141 621 1203 v.8
652 1140 789 1222 scriptus
818 1158 984 1221 sermoque
1013 1161 1070 1222 per
1097 1160 1218 1204 merum
1248 1138 1319 1204 dia-

136 1245 250 1326 logum
272 1240 460 1325 producitur
482 1262 583 1324 usque
606 1240 648 1306 ad
671 1263 700 1306 v.
720 1243 774 1323 28,
802 1243 857 1305 ubi
880 1241 1025 1306 diverbio
1051 1243 1188 1326 abrupto
1210 1262 1318 1307 rursus

137 1346 277 1411 recurrit
310 1345 413 1409 oratio
446 1344 489 1409 ad
522 1343 674 1410 narrandi
705 1346 791 1409 viam
821 1345 913 1410 initio
947 1346 1095 1411 carminis
1129 1346 1318 1428 institutam,

138 1469 225 1532 quae
248 1450 330 1511 ratio
361 1452 450 1512 caret
479 1453 549 1512 arte
572 1451 669 1530 atque
692 1447 857 1531 elegantia
886 1452 918 1512 et
940 1448 1092 1513 abhorret
1114 1469 1134 1512 a
1156 1449 1317 1514 scribendi

138 1571 200 1615 usu
231 1550 431 1615 Theocriteo.
476 1551 525 1614 De
552 1550 613 1616 hac
641 1571 675 1615 re
702 1549 741 1614 cf.
762 1548 828 1614 idd.
847 1551 872 1631 I,
891 1551 946 1631 IV,
966 1550 1003 1631 V,
1023 1551 1063 1631 X,
1081 1552 1168 1631 XIV,
1189 1553 1258 1633 XV,
1285 1553 1318 1616 in

140 1654 260 1736 quibus
282 1652 432 1735 dialogus
455 1673 474 1716 a
496 1653 597 1736 primo
628 1653 671 1717 ad
701 1657 877 1718 extremum
900 1673 1027 1718 versum
1056 1655 1222 1737 percurrit,
1251 1654 1317 1719 idd.

125 1757 182 1846 ΙΙ,
206 1757 265 1836 ΙΙΙ,
287 1757 361 1837 XII,
384 1776 467 1838 quae
490 1761 564 1820 sunt
586 1757 755 1839 monologi‚
778 1755 821 1820 id.
844 1756 898 1840 VI,
920 1756 991 1837 VII,
1015 1756 1098 1840 (IX),
1119 1757 1176 1836 XI,
1196 1757 1318 1840 XVIII,

139 1879 225 1941 quae
249 1856 378 1940 quidem
401 1859 523 1922 habent
545 1859 680 1924 mixtum
703 1847 856 1924 orationis
879 1878 979 1942 genus
1002 1864 1037 1923 ut
1060 1860 1091 1922 in
1114 1858 1157 1923 id.
1175 1860 1261 1941 VIII,
1285 1861 1316 1924 in

139 1960 258 2044 quibus
281 1964 388 2025 tamen
411 1980 521 2026 versus
544 1962 789 2045 interloquentis
812 1968 927 2046 poetae
954 1982 1080 2046 semper
1107 1963 1139 2026 in
1166 1962 1236 2027 loco
1259 1983 1316 2046 po-

137 2065 236 2144 nitur,
258 2062 324 2127 idd.
340 2065 431 2146 XIII,
453 2064 540 2145 XVI,
562 2065 666 2145 XVII,
689 2085 772 2147 quae
795 2065 857 2129 tria
879 2085 968 2129 mera
990 2066 1173 2129 narratione
1196 2066 1317 2149 scripta

117 2170 228 2245 ,sunt3
261 2166 386 2249 reliqua
419 2167 562 2231 carmina
596 2171 630 2231 ut
660 2167 758 2231 dubia
789 2168 949 2251 respicere
979 2168 1034 2232 vix
1064 2168 1153 2246 licet;
1184 2188 1316 2251 quorum

124 2273 248 2333 'tamen
272 2269 303 2332 in
327 2289 455 2333 numero
478 2269 520 2333 id.
536 2271 633 2333 XXII
657 2270 760 2334 simile
784 2275 897 2334 octavo
920 2270 1055 2353 praebet
1078 2271 1316 2353 compositionis

139 2389 244 2453 genus
273 2371 305 2434 in
335 2391 384 2434 vv.
409 2371 547 2451 53—75,
578 2370 664 2454 quod
695 2372 876 2454 exemplum
908 2373 1034 2436 unIcum
1064 2373 1252 2454 praesertim
1284 2373 1317 2436 in

138 2478 291 2558 poemate
320 2493 423 2556 neque
458 2473 735 2556 bucoliconeque
766 2480 852 2538 certe
883 2475 1074 2538 Theocriteo
1108 2474 1223 2539 tollere
1257 2495 1317 2539 non

138 2580 251 2661 potest
273 2576 485 2659 suspicionem
508 2576 549 2640 de
572 2575 614 2640 id.
631 2578 709 2641 VIII
732 2578 899 2661 prolatam.

230 2678 338 2761 Atque
375 2678 472 2742 etiam
509 2699 657 2762 magnam
695 2680 789 2743 affort
822 2678 1055 2744 dubitationem
1092 2680 1318 2763 negotiumque

139 2781 263 2847 criticis
286 2802 315 2844 v.
332 2782 380 2861 10,
404 2802 497 2863 quem
521 2787 554 2845 et
576 2781 751 2846 Abrensius
774 2787 807 2846 11
829 2783 956 2864 Ziegler
980 2780 1031 2864 (cf.
1051 2781 1124 2846 adn.
1145 2782 1226 2866 crit.)
1250 2804 1318 2848 cor-

138 2888 270 2968 ruptum
300 2882 453 2948 denotant
484 2904 641 2967 quemque
672 2884 830 2966 quomodo
862 2905 902 2948 ex
924 2885 1041 2950 vitiosa
1064 2886 1222 2967 scriptura
1253 2889 1318 2949 tra-

139 2986 213 3052 dita
240 2985 457 3070 expediamus,
488 2991 523 3050 ut
552 3006 648 3051 sanus
678 2987 744 3067 fiat,
774 2988 940 3067 nescimus,
963 3007 1155 3070 quamquam
1188 2987 1317 3052 assidue

140 3089 249 3154 conati
272 3108 387 3153 sumus.
422 3090 470 3153 Ac
492 3109 594 3172 paene
610 3088 790 3154 invidemus
806 3090 975 3155 Fritnschii
995 3089 1123 3154 levitati
1144 3089 1317 3171 iudicandi,
1356 3100 1357 3103 ’

140 3213 212 3257 cum
243 3190 299 3255 ille
330 3212 358 3255 v.
381 3189 412 3254 d.
446 3191 618 3272 „lectiones
641 3193 748 3256 varias
778 3192 896 3257 nullius
927 3211 997 3257 esse
1027 3193 1195 3256 momenti“
1228 3199 1317 3257 ratus

139 3293 328 3376 acquiescat
350 3294 382 3357 in
406 3295 596 3373 coniectura,
628 3314 711 3377 quae
734 3299 767 3358 et
797 3315 817 3358 a
846 3293 968 3360 tradita
997 3294 1100 3359 forma
1126 3293 1222 3359 valde
1252 3295 1317 3360 dis-

141 3395 232 3463 11111
254 3416 358 3478 neque
380 3401 488 3460 tamen
511 3397 596 3461 tollit
619 3396 852 3462 difficultatem.
879 3397 923 3461 At
945 3417 1001 3462 nos
1024 3397 1152 3480 quidem
1175 3398 1317 3481 proficis-

139 3498 278 3565 cendum
311 3518 381 3564 esse
415 3499 608 3564 arbitramur
642 3521 662 3564 a
695 3499 785 3564 libris
819 3521 915 3564 manu
948 3501 1084 3585 scriptis,
1118 3521 1251 3582 quorum
1283 3502 1316 3565 in

138 3602 426 3688 praestantissimo,
456 3601 667 3669 Ambrosiano
691 3601 801 3668 codice
824 3601 888 3686 (k),
918 3622 1028 3668 versus
1057 3603 1228 3667 exhibetur
1258 3604 1316 3669 sic:

287 3713 413 3786 οὔποτε
436 3734 579 3797 νικασεῑς
601 3723 633 3800 μ’
648 3713 721 3786 οὐδ’
737 3721 765 3786 εἰ
787 3723 929 3798 nausea
952 3715 1026 3806 rv'y'
1049 3713 1173 3787 detricos

137 3861 283 3940 itemque
305 3858 338 3922 in
360 3858 492 3923 meliore
507 3857 652 3923 Mediceo
669 3857 721 3944 (p)
744 3859 875 3942 legitur:
899 3859 926 3923 11
946 3859 1098 3941 raotola,
1120 3858 1178 3924 sed
1196 3882 1235 3942 με
1258 3881 1315 3944 pro

136 3957 170 4045 μ’
187 3960 267 4046 (var.
291 3960 326 4024 11
341 3985 373 4024 τι
395 3962 534 4036 audiere
557 3981 711 4045 supersor.
735 3986 767 4026 οι
789 3963 822 4025 in
842 3962 945 4026 Vatio.
967 3964 1028 4058 1113
1055 3966 1139 4027 11111
1160 3963 1260 4046 Ziegl.
1283 3967 1316 4028 et

136 4062 456 4146 suspenditur).
480 4064 588 4129 Verba
599 4069 707 4129 autem
724 4056 850 4129 οὔποτε
868 4077 1010 4141 vinaceis
1022 4056 1096 4147 p'-
1107 4056 1180 4149 rdy'
1194 4056 1316 4130 deidcov

227 4251 248 4320 ¹)
268 4249 309 4305 Of.
327 4250 404 4305 Bion.
422 4249 470 4305 rel.
489 4250 517 4304 ll
535 4251 638 4320 (Metu.)
656 4267 682 4304 v.
698 4255 724 4305 1:

303 4354 363 4423 Λῇς
381 4345 415 4406 νύ
433 4353 460 4406 τί
477 4371 528 4423 μοι
545 4355 657 4408 Λυκίδα
677 4348 801 4409 Σικελὸν
818 4352 903 4423 μέλος
923 4347 974 4408 dod
993 4355 1136 4426 λιγαίνειν.
