2910 4830
80 197 176 302 ¹lo

134 409 373 474 sententiarum.
417 410 452 472 ln
470 410 584 474 ceteris
601 414 706 474 autem
724 408 917 475 carminibus
934 427 1088 490 nusquam
1104 406 1191 492 apud
1206 409 1314 474 Theo-

135 511 249 577 critum
271 512 369 575 talem
393 511 573 576 exilitatem
596 513 675 576 artis
698 520 731 576 et
753 512 906 576 orationis
930 512 1096 591 noscimus,
1119 511 1176 575 sed
1200 515 1315 576 contra

135 614 306 696 ingenium,
337 612 547 698 diligentiam,
577 615 751 679 sollertiam
775 615 844 678 eius
866 618 982 698 poetae
1005 613 1208 679 admiramur.
1254 615 1314 680 Est

135 716 233 799 igitur
263 716 346 780 inter
376 717 436 781 hoe
467 722 499 781 et
530 717 588 781 illa
610 720 717 782 cetera
746 716 862 800 idyllia
892 716 1110 799 discrepantia
1141 717 1314 798 scribendi,

136 839 219 901 quae
241 839 336 902 porro
359 820 456 884 etiam
479 821 582 903 magis
598 825 741 903 apparet.
758 857 799 865 —
821 819 865 884 Ut
888 820 971 883 enim
988 820 1020 882 in
1036 819 1147 901 quinto
1170 821 1314 884 carmine

134 925 279 1005 pastores
302 922 455 986 certaturi
478 920 519 985 de
534 923 717 1006 principatu
733 923 811 986 artis
828 921 963 986 canendi
980 920 1140 986 advocant
1155 922 1314 986 arbitrum

135 1023 317 1088 certaminis
340 1017 448 1106 ἄνδρα
471 1021 648 1106 dpvto'pou,
671 1025 718 1088 ita
740 1025 772 1087 in
795 1029 908 1088 octavo
925 1024 1070 1107 Daphnis
1092 1031 1124 1088 et
1139 1024 1314 1103 Menalcas,

135 1132 170 1190 ut
200 1122 346 1190 αἰπόλον
375 1131 503 1208 vocent,
531 1127 614 1191 inter
644 1146 678 1191 se
708 1128 904 1192 constituunt
932 1125 966 1190 id
994 1125 1079 1210 quod
1101 1127 1248 1192 versibus
1273 1129 1313 1191 26

135 1233 168 1293 et
190 1231 248 1293 27:

259 1327 364 1418 τῆυόν
386 1355 459 1406 πως
481 1329 631 1396 ἐνταῦθα
653 1328 715 1396 τὸν
739 1328 883 1396 αἰπόλον
906 1324 947 1418 ἢν
969 1332 1168 1415 καλέσωμες,

259 1432 287 1518 qi
310 1434 390 1497 ποτὶ
413 1446 485 1509 ταῖς
508 1432 636 1518 ἐρίφοις
660 1427 678 1497 ὃ
701 1433 797 1499 κύων
820 1435 838 1499 ὀ
863 1431 1014 1516 φάλαρος
1035 1427 1183 1499 ὑλακτεῖ.

136 1572 329 1655 comparatis
352 1591 422 1636 cum
446 1572 482 1653 V,
497 1573 538 1635 44
548 1591 606 1654 sq:
1022 1648 1024 1655 Ι

851 1665 937 1739 ἀλλὰ
961 1671 1023 1739 τὸν
1046 1668 1162 1757 ἄνδρα,

237 1777 271 1841 αἱ
295 1780 361 1860 λῇς,
384 1773 445 1841 τὸν
469 1775 639 1861 δρυτόμον
661 1773 899 1864 βωστρὴσομες,
923 1768 958 1854 ὃς
981 1773 1040 1853 τὰς
1064 1776 1191 1861 ἑρείκας

240 1876 341 1966 τήνας
363 1876 422 1954 τὰς
444 1874 536 1963 παρὰ
559 1881 613 1943 τὶν
636 1881 841 1963 ξυλοχίζεται

136 2024 271 2101 utroque
302 2017 372 2083 loco
403 2018 498 2082 simili
530 2018 653 2082 ratione
683 2017 753 2083 fieri
783 2019 847 2082 iam
878 2038 939 2083 non
968 2018 1133 2099 miramur,
1163 2019 1316 2100 quoniam

135 2141 232 2206 supra
254 2121 345 2185 nobis
365 2120 405 2185 de
422 2120 535 2185 eadem
550 2143 585 2185 re
601 2121 680 2186 satis
695 2120 884 2186 monendum
901 2121 974 2186 fuit.
1018 2121 1100 2184 Tum
1121 2121 1153 2184 in
1170 2121 1316 2186 oratione

135 2224 207 2308 ipsa
218 2224 395 2288 invenimus
408 2223 493 2306 quod
505 2222 730 2288 detractemus.
757 2224 896 2287 Primum
909 2224 1052 2288 Atticum
1068 2221 1148 2287 illud
1161 2221 1316 2287 ἐνταῦθα

135 2326 178 2411 (v.
196 2326 249 2411 26)
272 2347 334 2391 non
358 2332 407 2391 est
429 2327 672 2406 Theocritcum,
695 2327 831 2409 legimus
854 2327 938 2391 enim
960 2325 1047 2410 apud
1070 2327 1129 2390 Th.
1152 2327 1220 2391 eius
1244 2326 1317 2392 loco

135 2430 223 2493 aaa
246 2429 366 2513 septies
389 2428 425 2513 (r,
448 2432 494 2493 12.
525 2430 561 2511 u,
582 2432 631 2493 32.
648 2432 696 2493 ao.
713 2431 762 2495 ou.
782 2431 849 2494 ris.
874 2430 961 2510 vrri,
976 2413 1026 2493 lo.
1049 2429 1118 2509 xv,
1142 2427 1224 2512 118),
1250 2417 1316 2493 aaa

136 2533 264 2616 saepius
288 2531 324 2617 (I,
342 2534 410 2598 151.
438 2534 562 2613 111,57.
591 2533 644 2614 IV,
660 2534 709 2596 51.
733 2533 769 2613 V,
785 2534 834 2595 44.
853 2534 893 2596 62
917 2532 1002 2614 etc),
1032 2536 1201 2615 praeterea
1222 2531 1317 2596 iden-

135 2633 235 2700 tidem
260 2631 357 2716 ivea,
380 2632 515 2716 ἐνθάδε,
539 2647 665 2716 rouval,
687 2647 787 2719 τηνεί,
818 2634 874 2699 sed
897 2654 1053 2718 nusquam
1076 2634 1228 2698 ἐνταῦθα
1252 2635 1316 2700 uisi

136 2737 197 2802 hoc
227 2738 297 2803 loco
327 2738 523 2803 observatur.
549 2774 592 2783 -
621 2738 722 2802 Nemo
753 2736 859 2802 adhuc
889 2738 1053 2820 negotium
1084 2737 1253 2801 molestum
1284 2741 1317 2802 et

137 2860 304 2924 operosum
326 2841 476 2924 suscepit,
506 2844 541 2905 ut
572 2861 608 2905 eo
641 2840 773 2905 consilio
804 2860 842 2904 ac
873 2841 995 2904 ratione
1026 2841 1168 2904 carmina
1197 2845 1317 2922 poetae

135 2943 434 3027 perscruta1·etur;¹)
461 2944 571 3025 itaque
594 2944 638 3024 fit,
662 2947 697 3006 ut
720 2963 944 3024 nonnunquam
966 2943 1028 3025 ipsi
1052 2942 1228 3007 doctissimi
1253 2942 1317 3006 viri

136 3047 167 3109 in
191 3045 282 3111 falsis
305 3045 346 3110 de
369 3045 509 3111 dialecto
532 3045 725 3111 Theocritea
748 3045 949 3129 opinionibus
972 3050 1145 3109 versentur.

222 3128 314 3213 Ideni
335 3148 537 3231 quodmodo
561 3148 601 3212 de
625 3146 776 3212 ἐνταῦθα
799 3147 947 3229 diximus,
971 3146 1059 3212 cadit
1074 3148 1106 3211 in
1122 3147 1317 3230 particulam

135 3245 176 3338 ἢν
200 3250 239 3333 (r.
256 3251 309 3335 26)
340 3252 479 3315 omnium
510 3251 662 3315 librorum
691 3269 845 3316 consensu
871 3249 1040 3329 traditum;
1069 3268 1197 3334 prorsus
1229 3250 1318 3313 enim

137 3354 289 3420 abhorret
311 3375 331 3418 a
353 3354 544 3419 Theocriteo
567 3353 697 3419 dicendi
720 3373 787 3418 usu.
831 3353 878 3418 Of.
895 3353 1039 3418 Brinker.
1061 3354 1081 3417 l.
1098 3353 1117 3416 l.
1140 3373 1169 3436 p.
1186 3353 1235 3433 25,
1260 3353 1317 3435 qui

136 3478 207 3522 eam
237 3478 303 3521 rem
337 3457 448 3540 paucis
482 3456 721 3522 demonstrarit.
770 3457 888 3521 Verum
922 3456 1068 3521 omnibus
1101 3456 1133 3519 in
1166 3455 1318 3538 genuinis

136 3559 260 3643 idylliis
282 3561 485 3642 maximeque
500 3560 532 3624 in
548 3560 702 3625 bucolicis
718 3560 926 3641 mimicisque,
949 3579 1032 3642 quae
1048 3558 1158 3623 dorica
1173 3556 1318 3623 dialecto

136 3669 247 3746 aperte
270 3663 390 3747 scripta
412 3668 494 3744 sunt,
524 3682 586 3727 non
608 3655 660 3746 ἢν,
690 3662 747 3727 sed
778 3682 903 3746 semper
933 3661 1076 3727 doricum
1106 3660 1188 3725 illud
1215 3659 1251 3724 al
1273 3684 1318 3724 κα

136 3765 189 3829 vel
203 3764 238 3828 nl
253 3790 290 3829 κε
307 3764 350 3850 (εἴ
364 3765 413 3850 κε)
430 3771 528 3848 atque
544 3765 577 3830 id
593 3770 706 3847 quater
723 3764 831 3831 decies
846 3765 984 3847 positum
1000 3763 1155 3845 videmus,
1171 3767 1319 3846 praeter-

137 3888 233 3950 quam
263 3866 349 3951 quod
378 3863 421 3951 ἥν
444 3869 476 3932 in
500 3869 573 3949 ΧΠ,
596 3871 636 3932 25
666 3871 786 3949 exstat,
815 3867 848 3931 in
879 3887 941 3950 quo
970 3870 1079 3932 tamen
1109 3866 1249 3931 carmine
1280 3872 1319 3932 ut

136 3971 255 4055 scripto
278 3971 383 4036 ionica
406 3971 546 4036 dialecto
568 3969 621 4054 (cf,
636 3969 781 4054 hypoth.)
805 3970 952 4033 nimirum
974 3963 1016 4055 ἥν
1038 3969 1091 4034 vel
1113 3968 1320 4033 verissimum

223 4160 244 4226 1)
264 4158 402 4226 Rumpelii
427 4158 519 4212 Lexio.
538 4157 654 4211 Theocr.
679 4158 763 4224 (Lips.
784 4158 863 4225 1879)
888 4157 1043 4210 etiamnunc
1065 4154 1180 4224 praebet
1203 4155 1319 4225 bonum,

137 4248 164 4296 at
182 4260 236 4297 non
255 4244 357 4313 ubique
375 4243 456 4298 fidele
475 4243 611 4297 auxilium.
647 4243 723 4296 Idem
743 4241 816 4295 eadit
832 4242 859 4294 in
878 4242 997 4296 Wahlini
1015 4241 1135 4296 libellum
1155 4239 1200 4308 (es.
1210 4257 1236 4308 p.
1249 4242 1307 4308 26¹)

138 4345 219 4397 quern
237 4329 388 4397 nuperrime
408 4329 516 4383 demum
535 4328 668 4396 inspicere
685 4327 772 4395 potui.
792 4358 824 4364 -
