2866 4822
186 199 225 264 72

185 371 218 432 et
239 371 370 452 propter
391 368 531 434 insolens
553 368 634 434 illud
657 365 848 453 ἐφαψάσθω
872 368 998 453 (postea
1019 371 1132 452 aperte
1154 366 1359 433 emendatum

185 471 217 533 in
240 465 476 554 συναψάσθω),
505 493 546 537 ex
569 493 618 537 vv.
639 474 658 536 3
682 477 715 536 et
736 473 756 535 4
787 470 916 536 dicendi
942 471 1066 536 ratione
1095 489 1249 554 perversa
1281 461 1357 554 (ὑπὸ

186 573 344 654 στείραισι
359 610 400 617 -
420 570 456 636 ἒν
479 571 657 658 φύλλοισι),
680 595 720 639 ex
743 575 807 638 v.5
829 577 959 657 propter
982 564 1257 656 ἀτιμαγελεῦντες
1279 592 1358 636 nove

185 674 363 756 formatum,
387 695 427 738 ex
450 696 478 740 v.
493 678 522 756 6,
545 674 631 759 quod
653 676 681 742 is
703 674 842 740 traditur
865 696 961 759 quam
983 675 1123 739 maxime
1138 675 1285 739 variatus
1308 673 1358 759 (cf.

185 777 323 841 Meinek.
346 775 389 841 ad
411 777 485 842 hv.
507 778 648 861 itemque
671 778 876 842 Fritz-Hiller
898 777 941 843 ad
963 778 994 842 h.
1009 776 1081 861 vn).

271 910 335 977 Sed
358 932 416 976 eae
439 912 629 977 offensiones
649 913 746 977 etiam
766 917 932 995 augentur,
954 913 982 977 si
997 911 1184 995 diligentius
1200 913 1360 985 intuemur

185 1014 298 1080 locum.
335 1013 496 1097 Imprimis
517 1014 727 1098 interpolator
749 1015 934 1096 coarguitur
948 1035 1027 1080 voce
1050 1007 1120 1098 pidet
1143 1013 1184 1097 (1.
1200 1016 1242 1096 2),
1265 1035 1359 1097 quam

186 1116 359 1181 abhorrere
389 1136 409 1179 a
438 1116 601 1181 Theocriti
631 1136 690 1182 usu
720 1136 816 1200 supra
845 1116 1131 1181 demonstravimus
1162 1117 1215 1200 (cf.
1244 1138 1275 1201 p.
1299 1116 1359 1201 57).

186 1220 275 1292 Tum⁴
298 1238 374 1282 vero
407 1219 529 1282 numeri
562 1238 710 1284 versuum
744 1222 818 1283 sunt
850 1238 961 1301 parum
994 1219 1077 1283 bene
1114 1215 1272 1282 modulati
1305 1227 1361 1283 aut

186 1324 361 1399 currentes3
384 1321 503 1384 etenim
526 1339 583 1385 sex
606 1340 756 1385 versuum
778 1321 917 1403 quinque
940 1321 972 1383 in
995 1325 1109 1403 quarto
1132 1318 1216 1404 pede
1239 1321 1360 1385 habent

186 1421 361 1505 spondeum
382 1421 426 1504 (et
441 1423 561 1504 primus
578 1441 688 1487 versus
704 1423 803 1486 etiam
822 1427 897 1487 ante
913 1421 1099 1506 caesuram),
1121 1422 1234 1505 quales
1251 1441 1359 1488 versus

186 1543 256 1588 cum
279 1522 396 1605 singuli
420 1528 487 1586 tum
510 1524 650 1606 quinque
672 1522 825 1606 deinceps
852 1542 886 1588 se
916 1523 1115 1607 excipientes
1144 1522 1232 1607 apud
1255 1524 1359 1589 Theo-

186 1625 299 1689 critum
322 1644 478 1706 nusquam
500 1625 712 1690 inveniuntur.
756 1624 873 1689 Verum
901 1626 983 1689 enim
1011 1626 1124 1690 seriem
1152 1625 1267 1690 talium
1291 1645 1360 1691 ver·

185 1745 276 1791 suum
310 1725 417 1790 facere
451 1725 604 1792 videlicet
637 1731 687 1790 est
719 1731 830 1791 contra
863 1727 942 1791 artis
976 1727 1065 1809 leges
1098 1725 1360 1811 simplicissimas,

185 1827 303 1893 nedum
324 1829 504 1911 reperiatur
530 1829 563 1892 in
590 1828 655 1893 illis
682 1848 745 1893 una
767 1849 844 1892 vera
874 1848 1007 1893 caesura
1037 1828 1191 1894 bucolica.
1235 1828 1360 1894 Deinde

185 1931 377 1996 sententiam
410 1931 522 1995 horum
556 1950 705 1995 versuum
738 1928 976 1996 considerantes
1010 1931 1089 1994 nihil
1127 1930 1218 1995 aliud
1256 1932 1289 1994 in
1321 1932 1359 1997 iis

185 2033 290 2097 inesse
318 2030 464 2097 videmus
493 2033 556 2097 nisi
585 2031 842 2097 adhortationem
873 2030 1008 2097 canendi
1038 2033 1145 2098 verbis
1175 2053 1360 2118 expressam

186 2155 288 2217 aeque
311 2135 459 2200 inanibus
482 2142 579 2217 atque
601 2136 641 2200 iis
664 2136 801 2219 quaein
824 2134 866 2200 id.
883 2136 970 2215 VIII,
993 2137 1118 2200 30-32
1142 2137 1360 2220 cognovimus3

186 2237 336 2321 displicet
358 2242 465 2301 autem
488 2239 598 2319 oratio,
621 2237 706 2320 quod
731 2235 843 2302 eadem
866 2237 1050 2302 adhortatio
1074 2239 1166 2322 (vul
1185 2244 1218 2303 et
1234 2237 1267 2323 2)
1291 2260 1360 2322 pro-

186 2342 270 2404 tinus
294 2339 418 2404 duobus
448 2341 593 2405 versibus
623 2342 821 2424 interpositis
850 2342 993 2422 iteratur,
1023 2345 1056 2405 et
1085 2340 1171 2423 quod
1201 2343 1360 2407 sententia

186 2444 374 2526 interposita
396 2463 453 2527 per
475 2463 509 2507 se
532 2445 641 2526 inepta
664 2445 746 2507 ultro
769 2445 929 2527 perversis
956 2443 1170 2508 locutionibus
1192 2443 1360 2527 profertur.

187 2546 337 2627 Quisquis
360 2545 420 2610 hoc
442 2545 570 2628 legerit,
600 2546 668 2610 iure
695 2546 875 2626 mirabitur,
906 2566 961 2610 our
991 2550 1145 2628 pastores,
1174 2546 1360 2629 priusquam

187 2669 301 2713 canere
323 2647 492 2731 incipiant,
518 2648 636 2712 vitulas
660 2668 730 2712 oum
753 2649 860 2713 vaccis
887 2648 1042 2712 matribus
1072 2646 1233 2712 nutriendi
1265 2669 1361 2714 causa

113 2781 116 2784 ⁴
187 2758 220 2814 et
242 2769 358 2814 vaccas
380 2750 507 2814 steriles
516 2749 539 2833 ¹)
562 2769 633 2813 cum
656 2751 756 2814 tauris
779 2747 916 2814 saliendi
940 2769 1037 2814 causa
1061 2750 1256 2832 consocient,
1279 2771 1360 2834 quae

186 2853 345 2916 sententia
379 2853 476 2916 etiam
510 2851 709 2916 disturbatur
741 2852 797 2916 vel
827 2852 1027 2932 obscuratur,
1061 2872 1132 2916 cum
1162 2850 1360 2936 adiungitur:

186 2955 287 3035 ,ethi
316 2953 446 3036 quidem
473 2974 536 3017 una
564 2960 737 3037 pascantur
761 2958 793 3018 et
815 2961 973 3038 vagentur
996 2955 1027 3022 in
1051 2954 1179 3037 pascuis
1207 2953 1258 3038 (ἐν
1281 2952 1360 3035 φύλ-

188 3055 359 3140 lomim),
381 3061 416 3120 ut
438 3057 525 3139 prior
547 3057 706 3120 sententia
728 3077 830 3140 paene
846 3054 995 3120 videatur
1014 3055 1078 3120 alio
1098 3075 1193 3121 sensu
1213 3078 1360 3140 aequem

186 3178 243 3224 nos
265 3164 351 3223 recte
374 3157 417 3222 ad
439 3159 539 3223 verba
561 3159 633 3242 ipsa
655 3166 688 3224 et
711 3160 875 3223 eratione
898 3159 1064 3241 percipere
1087 3157 1250 3237 debemus,
1273 3160 1361 3225 edita

187 3281 257 3326 esse
280 3281 382 3344 eaque
402 3261 538 3325 fortasse
558 3262 617 3327 sio:
640 3259 802 3326 admittite
818 3261 936 3325 vitulas
956 3260 999 3325 ad
1014 3280 1130 3326 vaccas
1152 3267 1184 3326 et
1207 3262 1360 3328 iuvencas

187 3363 229 3427 ad
251 3369 369 3444 tauros,
392 3368 427 3427 ut
449 3384 513 3428 una
535 3367 716 3447 pascantur,
739 3363 814 3428 dum
830 3383 888 3428 vos
910 3363 989 3427 mihi
1012 3363 1193 3428 cantabitis.
1227 3365 1263 3430 Si
1286 3386 1360 3430 vere

188 3467 270 3531 hanc
293 3468 484 3531 sententiam
508 3467 687 3549 exprimere
703 3467 901 3531 versificator
923 3466 955 3529 in
978 3467 1083 3529 animo
1107 3467 1267 3548 habuerit,
1290 3489 1360 3552 pra-

187 3569 236 3633 vis
270 3568 484 3632 locutionibus
518 3589 584 3631 rem
617 3589 713 3650 quam
743 3568 841 3633 vellet
871 3588 932 3631 non
962 3568 1217 3650 significantibus
1247 3570 1360 3635 inscite

187 3689 263 3735 usus
286 3674 343 3734 est.
387 3671 502 3753 ltaque
524 3675 597 3734 utut
619 3671 838 3735 examinamus
868 3670 1060 3734 sententiam
1089 3670 1271 3753 locumque,
1300 3672 1360 3736 uti·

188 3792 250 3854 que
273 3773 379 3838 omnia
401 3772 536 3836 obscura
559 3778 615 3836 aut
637 3792 788 3856 perversa
810 3780 947 3836 manent.

274 3993 295 4059 1)
313 3992 350 4046 Ut
374 3994 509 4063 στείραισι
532 3992 709 4061 intellegatur
731 3993 887 4060 ,inveneis',
912 3993 1011 4047 vitiosa
1034 4009 1103 4047 voce
1127 4009 1192 4047 usus
1217 3999 1259 4048 est
1282 3995 1360 4048 inter-

188 4077 304 4147 polator.
328 4108 360 4116 -
386 4078 425 4132 Cf.
445 4078 529 4146 Verg.
548 4077 597 4131 ecl.
615 4077 636 4146 l,
656 4084 700 4132 45:
725 4077 877 4132 submittite
895 4086 987 4132 tauros
1005 4103 1039 4122 =
1058 4078 1121 4132 alite
1140 4082 1241 4133 tauros.
1260 4111 1292 4117 -
1312 4078 1359 4134 Od.

188 4162 236 4232 IX,
250 4167 306 4216 245.

276 4262 554 4335 omumm
