2866 4822
211 248 253 311 64

211 421 426 495 certaverunt;
449 438 522 480 nam
546 418 710 497 arbitrum,
734 419 787 500 qui
804 418 969 502 Daphnidi
992 419 1115 500 victori,
1138 419 1165 484 si
1188 420 1293 503 ipsum
1316 443 1380 486 cam

210 525 311 584 artem
336 518 488 601 docuerit,
517 541 574 604 pro
597 520 744 585 mercede
774 520 950 586 donaturus
981 522 1023 586 sit
1053 542 1183 605 capram
1214 524 1381 607 egregiam,

210 641 425 706 possessorem
462 623 570 706 gregis
607 628 705 705 atque
739 644 812 687 eum
844 624 951 708 pueris
985 623 1084 689 multo
1117 625 1272 689 maiorem
1310 633 1382 690 natu

211 723 415 808 cogitandum
439 745 554 808 puero
577 725 749 808 Daphnide
776 727 823 789 uti
850 725 934 790 velle
961 726 1114 808 magistro
1142 727 1222 792 artis
1250 729 1382 792 canendi

212 846 322 910 parum
353 826 508 891 credibile
538 831 595 891 cst.
647 827 693 891 Of.
718 828 754 905 V,
775 829 815 891 36
836 847 881 910 sq.
912 833 944 892 et
974 850 1002 893 v.
1025 830 1064 892 15
1084 848 1129 912 sq.
1152 829 1182 894 h.
1205 828 1249 894 id.
1295 831 1382 909 Quod

212 929 457 1013 respicientibus
479 929 571 994 nobis
594 950 706 994 versus
729 931 854 994 82—87
877 931 910 994 in
933 931 1065 995 formam
1089 931 1183 996 huius
1203 932 1313 1015 idyllii
1332 935 1382 998 vir

212 1031 371 1115 quadrare
401 1030 562 1113 videntur,
596 1032 654 1096 sed
684 1037 790 1095 utrum
819 1032 982 1097 Theocriti
1013 1032 1114 1116 ipsius
1143 1054 1184 1098 an
1214 1035 1382 1100 imitatoris

212 1134 284 1215 sint,
306 1134 460 1199 incertum
484 1140 546 1213 est3
575 1140 644 1199 arte
675 1140 781 1199 tamen
812 1134 834 1196 ii
865 1154 975 1199 versus
1006 1135 1145 1199 maxime
1175 1156 1317 1220 aequare
1340 1139 1381 1202 vi·

212 1235 327 1301 dentur
350 1235 517 1319 elegiacos.

297 1337 557 1428 Commodissime
585 1336 646 1403 hoc
675 1337 745 1403 loco
769 1337 836 1422 (87)
866 1338 1014 1422 idyllium
1046 1339 1151 1422 potuit
1182 1340 1276 1406 finiri.
1320 1342 1380 1407 Ad·

213 1439 331 1504 duntur
352 1444 459 1505 tamen
482 1441 575 1505 haec:

276 1560 317 1623 88
339 1559 395 1634 ‘ag
417 1557 477 1642 μὲν
500 1547 518 1622 ὁ
542 1570 620 1632 παῖς
643 1555 741 1642 ἐχάρη
765 1560 820 1622 καὶ
844 1550 993 1623 άνάλατο
1017 1560 1072 1623 καὶ
1094 1557 1290 1647 πλατάγηοε

340 1657 486 1738 νικάσας,
511 1649 619 1736 oritate
642 1658 696 1724 ἐπὶ
717 1660 832 1744 ματέρι
856 1655 973 1744 νεβρὸς
995 1654 1121 1727 άλοιτο.

340 1753 386 1838 cic
410 1762 445 1826 δὲ
467 1757 679 1847 κατεομύχθη
702 1762 758 1826 καὶ
781 1754 987 1846 ἀνετράπετο
1011 1765 1119 1845 φρένα
1142 1761 1233 1853 λύτιᾳ

342 1858 477 1948 ὥτερος,
501 1855 592 1929 οὕτω
614 1866 670 1928 καὶ
695 1861 805 1948 νύμφα
828 1859 997 1950 γαμεθιϊο’
1014 1858 1216 1950 άκάχοιτο.1)

339 1959 403 2052 κήκ
425 1963 540 2032 rodam
561 1970 690 2050 πράτος
712 1963 803 2050 παρὰ
826 1968 959 2051 ποιμέσι
982 1964 1109 2049 Δάφνις
1131 1966 1257 2054 ἔγεντο,

276 2072 317 2134 93
341 2070 397 2132 καὶ
420 2067 568 2152 Νύμφαν
591 2064 736 2154 άκρηβος
759 2063 823 2133 ε’άιν
847 2066 896 2133 ἔτι
918 2069 1029 2134 Ναΐδα
1053 2073 1166 2154 γᾶμεν.
1191 2109 1233 2117 -

297 2191 410 2271 Neque
432 2209 507 2254 vero
531 2190 711 2271 quisquam,
739 2191 765 2254 si
789 2210 899 2255 versus
922 2209 979 2254 sex
1003 2189 1107 2253 ultimi
1136 2190 1300 2273 abessent,
1332 2210 1380 2256 eos

212 2290 419 2357 desideraret.
463 2291 523 2356 Hic
553 2291 699 2374 epilogus
728 2312 790 2356 non
820 2292 921 2356 solum
951 2312 1207 2375 supervacaneus
1237 2299 1300 2375 est,
1329 2292 1381 2358 sed

212 2394 466 2477 recognoscimus
496 2393 594 2457 etiam
623 2394 655 2456 in
679 2413 716 2457 eo
746 2393 1001 2458 additamentum
1032 2394 1271 2477 interpolatoris
1300 2395 1381 2459 illius

212 2495 431 2580 imprudentis,
458 2496 512 2577 qui
536 2495 709 2559 orationem
733 2496 765 2559 in
788 2495 848 2560 hac
872 2516 998 2578 quoque
1020 2501 1112 2578 parte
1135 2496 1234 2561 variis
1258 2497 1381 2562 dicendi

212 2599 301 2663 vitiis
334 2597 521 2679 mendisque
554 2619 615 2662 non
649 2597 816 2679 inquinare
849 2598 993 2663 nescivit.
1048 2598 1189 2662 Primum
1222 2599 1383 2683 aequabili

213 2701 270 2765 illa
286 2699 535 2764 conformatione
551 2700 730 2764 sententiae
746 2698 912 2782 particulis
928 2701 1154 2783 comparativis
1171 2701 1266 2776 ὠς-
1279 2693 1384 2777 οὑτώς

214 2808 246 2867 et
269 2803 314 2869 cic
336 2840 379 2846 —
401 2795 493 2865 οὕτω
523 2805 664 2866 structae
694 2821 750 2865 nos
780 2800 909 2883 quidem
941 2800 1068 2866 dicendi
1092 2802 1156 2866 vim
1186 2807 1383 2867 attenuatam

213 2906 452 2986 orationemque
485 2903 646 2968 inficetam
681 2904 841 2968 sentimus.
901 2903 948 2968 Cf.
983 2909 1093 2969 contra
1126 2905 1158 2967 in
1196 2904 1239 2968 id.
1268 2906 1384 2986 XVIII,

214 3010 254 3071 26
271 3027 338 3089 sqq.
361 3007 461 3070 multo
483 3005 687 3089 prolixiorem
704 3006 879 3070 orationem
895 3006 1153 3089 comparativam.
1177 3045 1217 3052 —
1241 3007 1383 3091 Itemque

214 3132 284 3174 cum
307 3110 442 3193 legimus
465 3130 493 3173 v.
514 3111 552 3173 91
577 3110 633 3172 καὶ
656 3105 768 3192 νύμφα
790 3113 970 3192 γαμεθιιοα
998 3115 1030 3174 et
1056 3107 1191 3173 subinde
1219 3130 1247 3174 v.
1268 3112 1309 3175 93
1333 3110 1384 3173 καὶ

213 3209 362 3295 Νύμφαν
384 3249 426 3257 -
445 3215 556 3295 γᾶμεν,
580 3210 749 3276 dicendum
773 3216 821 3276 cst
837 3212 1061 3276 versificatoris
1085 3230 1163 3291 esse,
1186 3231 1248 3275 non
1271 3221 1384 3296 poetae

213 3315 245 3377 in
276 3314 388 3378 eadem
412 3313 509 3378 verba
539 3314 588 3377 rel
610 3313 777 3378 verborum
808 3313 1026 3396 copulationes
1057 3314 1168 3397 paucis
1197 3314 1384 3379 intermissis

214 3437 313 3499 usque
336 3436 507 3496 recurrere,
537 3415 571 3479 id
593 3415 678 3498 quod
702 3415 775 3479 aliis
798 3415 876 3480 locis
898 3416 993 3480 huius
1021 3417 1179 3499 poematis
1210 3415 1385 3481 identidem

214 3518 505 3583 animadvertimus.
561 3518 684 3596 Quibus
717 3518 812 3582 rebus
842 3518 940 3581 etiam
969 3519 1100 3601 gravius
1130 3517 1296 3582 ferendum
1332 3527 1385 3599 est,

215 3621 300 3704 quod
327 3621 376 3685 bis
406 3620 447 3703 (v.
471 3622 511 3684 89
542 3625 575 3683 et
605 3622 658 3704 91)
690 3618 792 3684 nudus
822 3622 985 3702 optativus
1015 3619 1200 3703 potentialis
1230 3621 1300 3686 sine
1330 3643 1385 3685 κεν

215 3723 429 3806 collocaturl),
452 3742 534 3804 quae
551 3727 600 3786 cst
616 3720 745 3788 dicendi
761 3722 892 3787 licentia
907 3721 1053 3786 inaudita
1069 3729 1101 3786 et
1121 3723 1227 3786 aliena
1248 3744 1269 3787 a
1284 3724 1385 3788 Theo·

214 3827 302 3906 crito,
326 3845 447 3906 eaeque
470 3824 656 3908 particulae,
680 3845 872 3907 quamquam
895 3825 963 3889 sinc
987 3826 1052 3889 ulla
1076 3824 1268 3889 difficultate
1291 3826 1385 3890 inseri

213 3932 354 4011 possunt,
376 3930 482 3990 tamen
503 3925 594 3990 libris
614 3931 724 3991 neutro
740 3927 809 3991 loco
829 3926 1006 4007 traduntur,
1029 3933 1064 3991 ut
1080 3932 1165 3992 certe
1186 3927 1385 3992 librariorum

214 4029 309 4112 culpa
332 4029 468 4093 omissae
490 4048 551 4091 non
575 4029 646 4093 sint.
691 4030 732 4092 Et
754 4029 854 4093 verba
876 4030 1118 4111 sententiaeque
1141 4050 1169 4094 v.
1185 4030 1226 4093 88
1258 4017 1305 4104 τάς
1327 4029 1385 4112 μὲν

214 4131 335 4208 ὀπαῖς
357 4126 455 4214 ἐχάρη
481 4130 538 4192 καὶ
567 4120 715 4195 άνάλατο
744 4133 800 4193 καὶ
829 4127 1019 4216 αλατάγηοε
1050 4127 1186 4206 νικάσας
1215 4129 1384 4196 admodum

301 4301 320 4366 ¹)
338 4298 381 4353 Dc
398 4296 516 4348 numm·
535 4313 546 4332 ¹
686 4302 714 4324 ”⁰
733 4302 762 4340 et
779 4303 809 4354 91
830 4298 865 4353 of.
878 4299 975 4353 Kunst.
988 4299 1005 4353 l.
1018 4299 1036 4354 l.
1048 4316 1074 4368 p.
1088 4304 1128 4367 26,
1141 4304 1182 4368 48,
1197 4303 1236 4353 51.
1255 4329 1289 4337 -

300 4384 321 4419 ν
346 4380 374 4388 „.
