2866 4822
1162 237 1233 304 Ι89

57 412 169 477 decem
201 431 287 475 mere
317 409 532 474 bucolicorum
562 410 734 475 carminum
758 408 921 474 Theocriti
952 409 1071 474 imitari
1093 410 1234 476 voluisse

58 514 110 600 (cf.
126 515 216 580 Serv.
231 511 273 577 ad
289 513 384 595 Verg.
400 513 433 576 in
448 512 571 597 praet),
600 513 675 577 hinc
698 511 837 576 nondum
867 512 1005 577 efficitur
1036 512 1148 578 decem
1176 512 1235 578 illa

57 617 219 697 bucolica,
253 636 336 698 quae
366 616 528 698 Vergilius
558 615 691 679 forsitan
725 635 854 681 numero
889 635 1014 698 quoque
1047 617 1236 699 respexerit,

57 718 173 784 eadem
196 719 304 800 fuisse,
327 738 410 801 qnae
432 737 489 783 nos
511 716 608 782 hodie
630 736 832 782 numeramus
854 717 878 799 I,
901 718 1056 798 III—XI,
1085 718 1235 801 quoniam

57 822 113 886 ille
136 823 170 885 in
186 820 300 904 ecloga
315 821 394 885 VIII
414 819 616 903 apertissime
638 817 681 883 id.
697 820 730 883 II
746 819 980 901 Theocritenm,
1003 819 1235 903 quodquidam

57 946 119 991 non
143 928 193 988 est
215 923 404 1005 bucolicum,
426 921 484 988 sed
506 923 677 1003 mimicum,
699 921 856 986 imitando
879 923 1039 1006 expressit
1048 923 1078 1007 ¹).
1122 923 1235 1006 Neque

57 1026 176 1092 desunt
198 1027 255 1092 alii
276 1026 340 1092 loci
362 1025 561 1109 assimiles2).
584 1024 702 1090 Contra
723 1029 820 1108 poeta
842 1025 976 1090 Latinus
998 1025 1030 1089 in
1053 1025 1166 1108 ecloga
1189 1026 1235 1090 VI

58 1135 282 1214 argumentum
301 1129 401 1194 habet
421 1126 506 1211 quod
522 1128 626 1193 simile
641 1127 729 1212 apud
745 1128 952 1193 Theocritum
967 1148 1028 1193 non
1044 1127 1235 1213 videmus³);

58 1254 123 1316 qua
145 1253 186 1297 ex
209 1253 243 1297 re
266 1231 309 1296 ad
332 1231 414 1296 hanc
438 1231 658 1313 quaestionem
685 1250 723 1295 eo
750 1231 853 1314 magis
881 1230 1006 1314 aliquid
1032 1230 1236 1314 redundabit,

58 1334 146 1419 qnod
170 1334 332 1418 VergiIIus
355 1353 425 1399 oum
448 1338 517 1398 toto
540 1332 672 1399 exordio
695 1333 763 1398 eius
787 1333 919 1416 eclogae
941 1336 1008 1397 tum
1030 1355 1059 1399 v.
1076 1335 1095 1399 6
1111 1352 1192 1417 sqq:

144 1473 250 1555 ,Nunc
273 1492 332 1555 ego
355 1510 398 1518 —
419 1509 462 1518 -
483 1509 525 1517 -

145 1576 328 1658 ,Agrestem
350 1575 440 1639 tenui
462 1572 643 1639 meditabor
665 1572 821 1638 arundine
844 1573 976 1639 Musam.

144 1679 230 1760 ,Non
252 1678 374 1742 iniussa
396 1678 496 1742 cano.7

58 1816 235 1883 clarissime
258 1814 339 1880 dicit
361 1833 395 1880 se
410 1815 472 1879 hac
488 1813 601 1898 ecloga
618 1813 688 1899 (VI)
705 1834 831 1878 carmen
847 1813 1027 1880 bucolicum
1047 1835 1235 1898 componere

57 1919 152 2001 velle,
175 1938 246 1983 cum
269 1916 355 1982 idem
378 1936 413 1983 se
436 1916 520 1982 nolle
543 1917 619 1981 item
643 1916 728 1982 clare
751 1917 843 1983 initio
867 1918 998 2000 eclogae
1013 1917 1059 1981 IV
1075 1916 1236 2000 significat

58 2023 108 2088 his
132 2021 240 2087 verbis
264 2020 304 2103 (r.
322 2020 430 2104 1-2):

143 2155 308 2238 ,Sieilides
330 2156 449 2237 Musae,
471 2155 567 2240 paulo
590 2156 713 2221 maiora
735 2157 899 2221 canamus!

143 2260 229 2341 ,Non
252 2260 353 2324 omnis
376 2260 508 2324 arbusta
530 2259 642 2323 iuvant
664 2259 865 2342 humilesque
888 2259 1049 2343 myricae’

58 2397 250 2477 Quaerimus
279 2396 391 2481 igitur:
435 2395 528 2461 Unde
558 2397 694 2480 sumpsit
724 2397 885 2480 Vergilius
916 2395 997 2460 illud
1028 2396 1160 2480 eclogae
1190 2396 1236 2460 VI

55 2504 278 2585 argumentum
301 2499 363 2564 nisi
386 2519 426 2563 ex
449 2499 613 2564 Theocriti
637 2501 812 2584 exemplis?
835 2500 898 2565 Cur
921 2520 958 2564 co
981 2499 1121 2565 carmine
1144 2498 1234 2564 aliud

56 2603 240 2687 exemplum
274 2622 312 2667 ac
345 2602 570 2667 Theocriteum
604 2607 660 2667 aut
693 2603 814 2667 imitari
848 2608 904 2668 aut
940 2603 1009 2687 ipse
1047 2603 1237 2686 excogitare

55 2706 179 2772 voluit?
216 2705 364 2771 Profecto
394 2706 510 2789 imago,
541 2726 624 2788 quae
651 2728 701 2771 vv.
724 2707 848 2771 15-30
871 2705 1065 2790 depingitur,
1095 2704 1235 2789 quodam

55 2807 152 2873 modo
175 2808 333 2873 coloribus
357 2828 432 2872 vere
455 2808 610 2874 bucolicis
633 2814 665 2873 et
687 2809 888 2874 Theocriteis
911 2828 1065 2893 expressa
1087 2812 1144 2873 est.
1178 2808 1235 2872 At·

56 2932 119 2995 que
144 2911 242 2976 etiam
265 2930 420 2995 personae
443 2931 622 2995 puerorum,
645 2913 754 2995 quiin
778 2912 891 2995 ecloga
906 2912 951 2975 VI
967 2912 1109 2976 Silenum
1132 2919 1235 2975 temn-

55 3015 178 3078 lentum
209 3017 242 3077 ct
270 3014 406 3097 sopitum
436 3011 654 3095 ludificantur,
683 3015 824 3097 itemque
847 3014 951 3097 Aegle
973 3012 1135 3078 Naiadum
1164 3013 1235 3096 pul-

57 3116 217 3181 cherrima
250 3116 406 3180 suscitant
439 3116 709 3199 comparationem
741 3137 812 3182 oum
845 3117 1027 3200 pastoribus
1060 3115 1168 3200 pueris
1202 3120 1235 3180 et

56 3217 164 3283 Naida
197 3219 340 3302 nympha
373 3217 479 3302 idyllii
510 3219 611 3283 viui.
655 3219 740 3284 Sane
771 3204 912 3302 carmen,
945 3218 1031 3302 quod
1064 3218 1182 3284 deinde
1215 3240 1236 3283 a

57 3322 167 3387 Sileno
191 3323 316 3386 canitur
338 3326 370 3386 et
392 3322 426 3385 in
448 3323 645 3405 argumentis
667 3323 756 3387 miris
779 3327 877 3405 atque
900 3323 1104 3388 subobscuris
1128 3341 1235 3387 versa-

57 3431 116 3506 tur,
140 3445 202 3488 non
224 3424 324 3488 habet
346 3425 485 3508 speciem
508 3425 541 3488 in
563 3424 687 3509 idylliis
703 3425 843 3491 Graecis.
873 3426 963 3503 Quae
986 3445 1036 3490 res
1059 3425 1235 3490 abstrusior

56 3533 92 3592 ut
114 3528 337 3608 extricaretur,
360 3528 550 3610 interpretes
573 3528 703 3610 quidam
727 3528 815 3594 docti
834 3550 875 3594 ex
890 3549 986 3593 versu
1005 3531 1054 3609 64,
1077 3528 1132 3593 ubi
1148 3528 1234 3593 Galli

56 3631 176 3695 mentio
208 3630 252 3712 fit,
283 3631 552 3696 coniecerunt-
580 3636 615 3695 at
643 3652 703 3695 non
734 3631 876 3697 absurda
905 3637 955 3697 cst
984 3631 1166 3697 coniectura
1192 3667 1234 3677 -

56 3733 224 3800 Parthenii
246 3734 322 3816 περὶ
350 3733 521 3816 ἐρωτικῶν
550 3729 765 3819 παθημάτων
791 3734 907 3800 librum
932 3732 1119 3800 ‘dedicatum
1143 3734 1234 3800 Oorn.

57 3835 164 3917 Gallo,
201 3836 338 3919 Vergilii
376 3837 582 3919 amicissimo,
619 3843 675 3902 aut
712 3858 838 3903 carmen
875 3838 1102 3922 Euphorionis,
1139 3857 1233 3920 quem

144 4039 166 4107 ¹)
185 4038 225 4093 Cf.
245 4038 358 4094 Vahlen.
377 4040 436 4093 Ind.
454 4040 529 4094 lectt.
548 4039 637 4095 Berol
658 4045 722 4095 1876
741 4046 770 4096 et
789 4045 854 4096 1888
872 4058 899 4111 p.
915 4046 953 4095 lo.
973 4073 1005 4080 —

142 4144 164 4212 'l

184 4142 223 4198 of.
243 4144 325 4212 Verg.
346 4144 396 4198 ecl.
414 4144 461 4213 Vl,
481 4149 521 4213 13,
540 4150 572 4199 lt
596 4159 657 4198 cum
682 4144 732 4197 Th.
756 4144 793 4198 id.
817 4144 894 4214 XIII,
914 4150 954 4212 58,
973 4151 1013 4200 59.
1032 4176 1066 4185 -
1083 4147 1167 4216 Verg.
1186 4144 1233 4216 IX,

56 4234 96 4299 53,
116 4236 149 4284 51
169 4245 192 4282 c.
211 4229 262 4282 Th.
280 4229 353 4298 XIV,
368 4234 408 4283 22.
427 4262 460 4268 -

142 4332 166 4402 ³)
184 4330 225 4387 cf.
244 4332 373 4388 Cartault.
392 4333 438 4386 1.1.
457 4350 483 4404 p.
498 4337 559 4389 287:
578 4336 662 4386 «c'est
680 4347 734 4386 une
752 4333 885 4390 tentative
903 4333 959 4392 tres
979 4334 1136 4408 originale».
