2866 4822
1260 197 1301 263 73

209 369 383 434 Praeterea
405 368 548 436 maxima
575 365 760 433 discrimina
789 367 873 433 inter
901 365 1068 433 exordium
1098 371 1131 432 et
1161 369 1301 432 ceterum

126 490 253 536 carmen
274 473 432 553 apparent
454 474 487 535 et
509 467 596 553 quod
611 468 774 533 Menalcas
796 468 828 532 in
851 467 908 533 illo
931 468 1088 534 bubulcus
1106 467 1302 553 producitur,

125 573 155 636 in
185 571 248 638 hoc
278 570 319 656 (v.
344 574 395 654 17)
425 577 533 637 tamen
563 570 671 637 ovium
700 590 931 654 caprarumque
961 575 1070 654 pastor
1101 570 1302 653 cognoscitur

126 676 166 759 (p.
183 674 237 759 53)
261 679 295 738 et
317 672 402 756 quod
424 673 631 739 interlocutor
654 673 802 738 carminis
822 672 855 737 in
875 672 931 737 illo
952 677 1097 756 pastores
1116 676 1302 756 praesentes

125 782 157 842 et
180 781 257 842 ante
280 775 388 842 oculos
410 796 485 842 suos
507 780 642 859 agentes
664 774 854 840 adhortatur
884 774 927 839 ad
959 773 1150 856 canendum,
1179 775 1211 838 in
1242 775 1302 840 hoc

125 877 166 964 (v.
183 878 237 963 22)
258 878 305 943 ita
320 877 408 958 facit,
431 879 524 960 quasi
543 878 631 962 prius
656 876 787 960 aliquod
808 882 969 942 certamen
989 875 1147 942 narrando
1167 880 1302 960 repetat.

211 979 336 1059 Quibus
368 980 477 1046 allatis
509 981 574 1044 iam
608 979 740 1044 dubium
774 999 835 1043 non
869 998 940 1044 esse
973 985 1135 1063 putamus,
1169 979 1245 1061 quin
1278 979 1302 1042 ii

126 1102 237 1149 versus
259 1083 324 1148 sint
345 1083 530 1167 interpolati
553 1087 586 1147 et
607 1082 676 1147 sine
699 1081 766 1146 ulla
788 1087 858 1146 arte
878 1086 935 1147 aut
954 1088 1060 1146 mente
1075 1082 1261 1165 interpolati
1271 1082 1301 1164 ¹).

125 1186 213 1252 Scite
236 1185 336 1269 igitur
359 1185 536 1251 Buecheler
559 1183 626 1268 (1.1.
649 1204 678 1267 p.
694 1183 769 1268 342)
793 1183 950 1250 iudicavit
972 1185 1091 1250 verbis:
1117 1183 1189 1266 „die
1204 1184 1302 1249 Verse

127 1289 210 1352 1-6
240 1286 358 1352 rithren
387 1287 528 1352 hernon
559 1287 661 1351 einem
692 1286 884 1369 armseligen
911 1286 1055 1369 Flicker,
1085 1291 1170 1351 etwa
1199 1286 1302 1351 einem

127 1386 465 1456 Geistesverwandten
487 1388 546 1454 des
565 1389 788 1454 Theocriteers
808 1389 1057 1454 Eratosthenes‘
1082 1405 1185 1472 neque
1208 1389 1303 1453 aliter

126 1512 182 1558 nos
204 1490 425 1575 iudicamus.'²)

210 1592 431 1658 heliororum
452 1594 611 1677 scriptura
633 1593 666 1657 in
688 1593 740 1658 his
755 1593 902 1658 versibus
925 1592 1021 1658 valde
1043 1593 1191 1674 fluctuat3
1214 1594 1303 1659 visne

125 1697 225 1780 igitur
248 1694 378 1761 credere
397 1695 599 1760 librariorum
619 1695 713 1780 culpa
734 1714 788 1760 eos
803 1695 850 1760 ita
866 1705 1031 1781 corruptos
1051 1715 1130 1776 esse,
1152 1701 1188 1761 ut
1203 1697 1304 1779 spurii

125 1799 299 1864 videantur
321 1799 411 1863 esse?
446 1798 586 1863 Minime.
631 1797 745 1863 Oleum
768 1802 800 1862 et
823 1818 953 1883 operam
975 1797 1194 1882 perderemus,
1221 1799 1303 1863 siin

126 1901 185 1966 tali
207 1901 308 1966 totius
329 1900 484 1984 prooemii
506 1900 621 1964 habitu
644 1900 781 1983 amplius
804 1920 1043 1982 quaereremur,
1075 1921 1157 1983 quae
1179 1900 1304 1965 librarii

126 2003 371 2085 depravassent,
412 2023 495 2085 quae
532 2001 749 2086 probabiliora
787 2007 894 2067 essent
933 2000 1152 2067 anteferenda.
1213 2003 1304 2068 Licet

127 2110 234 2170 autem
266 2105 351 2170 inter
383 2105 491 2170 varias
520 2105 674 2170 lectiones
708 2105 848 2188 optimae
882 2105 1042 2188 eligantur·
1075 2109 1172 2188 atque
1207 2104 1303 2169 etiam

127 2208 368 2274 emendationes
390 2207 443 2273 hic
465 2207 532 2272 illic
555 2207 764 2291 accipiantur,
794 2228 833 2272 ea
860 2229 894 2272 re
921 2228 1024 2290 neque
1051 2213 1166 2272 natura
1196 2229 1303 2272 eorum

126 2331 322 2396 magnopere
344 2331 447 2394 neque
469 2308 623 2375 iudicium
653 2308 694 2374 de
723 2310 763 2375 iis
794 2310 920 2375 omnino
950 2315 1100 2374 mutatur.
1144 2309 1303 2392 Equidem

127 2433 186 2496 ego
207 2412 293 2477 nihil
313 2411 402 2477 aliud
425 2412 617 2477 titubatione
639 2416 732 2476 tanta
755 2411 899 2477 codicum
923 2411 1075 2495 affirmari
1106 2432 1219 2478 censeo
1242 2412 1304 2478 nisi

127 2515 230 2600 ipsam
259 2514 377 2579 malam
407 2533 556 2579 versuum
585 2513 738 2595 indolem,
772 2534 836 2596 qua
869 2518 995 2579 veteres
1029 2515 1231 2598 grammatici
1261 2514 1304 2579 ad

128 2616 350 2700 corrigendum
379 2615 508 2702 impulsi
536 2618 608 2682 sint.
653 2617 757 2694 Quam
787 2617 827 2682 ob
850 2638 917 2682 rem
940 2615 1008 2682 cod.
1029 2617 1131 2682 Vatic.
1154 2617 1225 2700 (m),
1249 2619 1304 2700 qui

128 2719 305 2786 deteriores
326 2720 513 2804 scripturas:
543 2740 571 2784 v.
592 2723 610 2784 2
638 2723 766 2802 πρᾶτος
794 2719 884 2804 (οο11.
907 2717 1027 2800 Δάφνι)
1049 2757 1091 2765 -
1114 2716 1305 2801 deschenim

129 2823 217 2906 (corr.
235 2818 469 2906 ουοοψάσθοο),
491 2823 554 2886 113
576 2814 646 2888 ὑπὸ
669 2822 759 2905 (οο11.
775 2822 851 2903 ἐπὶ),
873 2843 901 2885 1.
922 2823 942 2886 6
964 2810 1188 2904 ὑποκρίνοιτο
1212 2819 1304 2905 (οο11.

128 2924 374 3009 ποτικρίνοιτο)
405 2924 571 3007 exhibeat,
604 2929 640 2989 ut
672 2925 775 2989 minus
805 2929 966 2988 correctus
1001 2923 1045 3006 (in
1078 2923 1140 2989 hac
1174 2922 1304 3006 quidem

129 3026 233 3112 parte)
256 3027 413 3110 genuinas
435 3026 590 3092 lectiones
613 3027 776 3110 porrigere
799 3026 877 3090 mihi
900 3024 1037 3091 videtur.

213 3145 280 3211 Sed
301 3144 397 3229 paulo
421 3144 584 3210 difficilior
607 3149 656 3210 est
678 3145 746 3209 veri
774 3144 953 3228 exploratio
982 3143 1022 3209 de
1050 3143 1176 3209 duabus
1204 3145 1305 3210 canti-

130 3250 208 3315 lenis
237 3248 342 3314 7-13
372 3252 406 3313 et
434 3249 572 3330 15-21,
602 3268 685 3330 quae
715 3247 812 3331 vulgo
843 3247 930 3312 solae
960 3253 1069 3331 partes
1092 3247 1305 3312 Theocriteae

130 3351 279 3418 carminis
301 3350 472 3433 habentur,
499 3349 585 3433 quod
607 3348 761 3415 iudicium
783 3350 1018 3415 translaticium
1041 3351 1174 3433 primus,
1205 3371 1305 3432 quan-

130 3460 194 3518 tum
225 3451 385 3535 videmus,
412 3453 549 3517 Brinker
575 3453 594 3516 l.
615 3453 634 3517 l.
657 3474 686 3536 p.
707 3453 748 3516 33
768 3473 813 3534 sq.
841 3452 964 3517 diluere
996 3457 1128 3517 conatus
1158 3457 1215 3517 est.
1264 3454 1319 3533 Et

130 3556 183 3638 qui
206 3575 262 3620 eos
282 3554 447 3621 Theocriti
470 3573 540 3620 esse
563 3553 710 3636 credunt,
740 3554 955 3619 concinnitate
978 3560 1011 3618 et
1033 3553 1143 3638 lepore
1166 3553 1305 3636 quodam

130 3657 333 3743 decipiuntur
359 3678 472 3742 parum
499 3664 648 3723 curantes
675 3676 730 3722 eas
760 3677 824 3738 res,
855 3678 939 3739 quae
970 3658 1038 3721 iure
1070 3655 1304 3722 dubitationem

214 3844 236 3912 ¹)
254 3843 345 3912 Caput
362 3843 458 3898 mirum
475 3842 545 3898 inter
557 3860 601 3898 vv.
615 3843 660 3898 dd.
673 3843 757 3898 habet
769 3842 899 3898 Zettelius
911 3843 1003 3913 (Bl'att.
1016 3843 1035 3896 f.
1049 3844 1075 3897 d.
1088 3843 1181 3914 bayer.
1195 3843 1305 3913 Gymn-

129 3929 245 3985 Schulw.
258 3928 307 3997 VI,
322 3928 442 3997 11-13),
462 3928 510 3998 qui
518 3927 694 3983 Theocritum
706 3929 771 3982 talia
789 3929 931 3998 scripsisse
950 3929 1045 3983 credat
1063 3934 1090 3983 et
1108 3930 1200 3998 iniquo
1218 3945 1305 3998 propo

128 4015 217 4070 animo
235 4013 383 4069 incredulis
402 4013 504 4069 obiciat
528 4029 588 4067 cum
606 4014 658 4068 alia
681 4014 771 4068 inania
794 4020 851 4068 tum
869 4014 949 4069 haec:
977 4016 1065 4080 ,Muas
1085 4031 1114 4069 er
1133 4014 1207 4083 (Th.)
1233 4014 1306 4068 denn

128 4105 198 4156 stetu
217 4099 263 4154 die
280 4102 491 4168 ausgetretenen
509 4098 618 4155 Geleise
636 4099 882 4168 dahinhumpeln‘?“
904 4100 971 4154 Cum
988 4100 1042 4155 hoc
1060 4100 1220 4169 Koechlyus
1239 4114 1306 4168 quo·

130 4201 184 4255 quc
202 4189 258 4240 stat
276 4184 357 4254 (l.1.).
376 4214 409 4223 -

216 4271 238 4341 ¹)
256 4268 298 4326 Of.
318 4268 350 4327 G.
363 4269 506 4326 Hermann.
525 4285 570 4339 op.
584 4269 660 4339 VIII,
678 4287 705 4339 p.
720 4273 765 4324 331
781 4285 822 4339 sq.
841 4301 875 4310 -
