2866 4822
1192 280 1231 343 15

56 456 250 535 argumenta
266 454 354 515 certa
369 449 502 534 possunt
517 450 624 514 afferri
641 471 681 513 ex
696 450 766 533 ipso
781 450 929 531 carmine,
952 450 1067 533 quibus
1082 448 1235 514 traditam

58 575 173 619 vocem
196 574 230 618 re
252 574 330 618 vera
352 553 453 636 primo
470 553 569 617 fulsse
586 553 749 617 evincitur.
794 553 877 616 Nam
893 574 933 616 ne
948 554 989 617 sit
1005 556 1236 634 argumentum,

57 655 147 740 quod
177 660 323 739 pastores
353 654 530 720 identidem
560 655 592 718 in
624 653 738 737 idyllia
768 654 830 738 ipsi
860 654 976 730 παῖδες
1002 660 1156 719 vocantur
1184 653 1235 736 (cf.

56 779 111 824 vv.
136 760 186 838 28,
209 760 258 838 29,
282 758 331 838 61,
354 759 404 839 66,
427 759 476 835 81,
500 758 562 840 88),
584 762 692 820 tamen
715 757 747 820 in
770 778 798 821 v.
814 759 854 822 64
878 758 1040 822 Menalcas
1060 756 1235 821 clarissime

57 862 159 926 etiam
192 858 314 942 μικκόν
347 861 366 924 i.
394 881 420 924 e.
453 880 587 943 parvum
621 881 655 924 se
688 860 844 943 perhibet.
899 861 947 924 Ac
979 864 1147 943 praeterea
1180 859 1236 941 qui

56 964 273 1048 pubescentes
304 959 439 1045 (ἐνάβω)
469 967 616 1045 pastores
642 970 770 1046 poetam
797 963 859 1027 sibi
881 964 986 1027 animo
1009 962 1139 1027 finxisse
1162 981 1235 1030 cen<

57 1070 144 1146 sent,
176 1085 236 1129 non
270 1063 553 1129 consideraverunt
587 1085 626 1129 ea
658 1085 722 1147 qua
755 1065 934 1148 pubescunt
966 1069 1073 1128 aetate
1107 1063 1235 1129 adules-

57 1167 205 1233 centulos
220 1169 345 1232 omnino
361 1187 469 1231 carere
485 1167 641 1232 facultate
657 1167 792 1232 canendi
813 1187 923 1250 neque,
943 1168 970 1232 si
993 1188 1056 1250 qua
1076 1171 1236 1249 conentur,
1266 1190 1269 1195 ¹

55 1271 130 1336 fieri
153 1289 259 1354 posse,
285 1275 322 1334 ut
344 1275 458 1352 argute
481 1269 533 1334 vel
556 1290 671 1335 canore
694 1275 810 1334 canant
833 1268 867 1333 id
889 1269 974 1352 quod
997 1269 1115 1334 dicitur
1136 1290 1165 1333 v.
1182 1270 1235 1334 71:

185 1385 338 1471 δεύτερος
360 1375 404 1451 αὖ
428 1385 553 1469 Δάφνις
576 1389 750 1473 hyopam)
775 1379 963 1470 dvcddilsr'
987 1379 1117 1451 άείδειιι.

56 1510 145 1590 Ergo
175 1513 321 1590 pastores
351 1518 485 1590 agentes
514 1512 655 1571 aetatem
681 1508 861 1591 pubertatis
884 1506 1022 1571 nondum
1044 1507 1235 1591 participem

56 1609 268 1674 existimandi
301 1615 387 1689 sunt,
421 1609 446 1673 si
481 1608 575 1672 modo
608 1615 705 1692 poeta
738 1629 834 1674 sanus
864 1610 925 1673 hoc
954 1617 1069 1692 poema
1099 1609 1235 1692 scripsit.

55 1713 208 1778 Ceterum
226 1712 416 1776 Theocritus
439 1713 507 1794 ipse
530 1713 721 1776 sententiam
741 1718 882 1776 nostram
897 1711 1083 1776 confirmare
1098 1710 1236 1792 videtur,

55 1836 131 1880 cum
154 1814 267 1879 scribit
289 1813 331 1878 id.
377 1815 412 1895 V,
425 1817 478 1879 87:

234 1934 290 1996 καὶ
313 1929 374 1997 τὸν
398 1927 525 2011 doctior>
549 1932 586 1997 ἐν
609 1928 729 1997 dudem
752 1932 857 1997 παῖδα
879 1928 1059 2016 μολύνιιβ)

54 2074 121 2136 quo
145 2074 186 2118 ex
209 2073 302 2117 versu
317 2073 381 2117 cur
403 2053 571 2118 lectionem
596 2043 710 2128 duddo)
733 2052 808 2117 huic
832 2052 934 2135 (VIII)
958 2053 1089 2117 carmini
1109 2052 1234 2117 illatam

54 2175 130 2221 esse
153 2156 349 2220 Frituschius
372 2156 553 2235 coniecerit,
576 2175 632 2219 nos
655 2155 783 2237 quidem
807 2154 953 2220 divinare
976 2175 1037 2219 non
1059 2174 1234 2238 possumus.

144 2343 209 2408 Sed
221 2364 261 2407 ne
271 2343 448 2426 Vergilium
461 2341 589 2425 quidem
602 2342 782 2407 necessario
794 2342 911 2426 legisse
922 2339 1030 2423 ἒυάβω
1042 2343 1234 2407 scribentem

53 2446 129 2531 (ecl.
145 2446 217 2527 Vll,
240 2445 347 2530 1-5):

165 2566 281 2648 „Forte
303 2565 362 2629 sub
385 2570 501 2648 arguta
525 2564 714 2630 consederat
735 2565 808 2630 ilice
832 2565 987 2649 Daphnis,

164 2667 472 2751 „Oompulerantque
495 2687 609 2750 greges
632 2667 780 2751 Corydon
804 2674 836 2732 et
859 2668 994 2751 Thyrsis
1016 2669 1049 2731 in
1072 2688 1177 2749 unum,

164 2770 318 2853 „Thyrsis
341 2770 418 2850 culs,
442 2769 589 2853 Corydon
612 2769 771 2835 distentas
793 2771 878 2834 lacte
901 2770 1052 2854 capellas,

164 2873 285 2954 „Ambo
307 2872 457 2937 florentes
480 2873 651 2953 aetatibus,
674 2871 817 2937 Arcades
839 2873 943 2954 ambo,
1034 2878 1037 2883 ’

165 2977 225 3057 „ut
247 2980 377 3041 cantare
399 2996 493 3060 pares
517 2981 549 3040 et
571 2975 765 3060 respondere
787 2976 923 3060 parati“.

56 3177 130 3233 quae
149 3162 241 3231 verba,
266 3163 290 3217 si
308 3162 342 3216 ab
360 3179 413 3217 una
432 3164 582 3231 eademque
601 3179 681 3216 manu
700 3163 802 3231 scripta
820 3168 891 3230 sunt,
915 3163 943 3216 id
967 3163 1041 3231 quod
1060 3163 1234 3217 verIsImilius

56 3252 109 3314 est,
134 3251 230 3314 aperte
248 3247 419 3316 refragantur
443 3248 481 3300 illi
499 3249 681 3302 coniecturae.
717 3248 851 3316 Vulgatur
873 3253 964 3302 autem
982 3242 1036 3317 γάρ
1054 3253 1119 3317 post
1136 3241 1234 3318 ἔνηβοι

55 3348 147 3401 neque
167 3337 216 3398 cst,
235 3333 390 3401 quodcum
409 3333 544 3387 Ahrensi0
564 3333 665 3398 (bucol.
685 3333 780 3387 Graec.
799 3334 894 3402 reliqu.
913 3340 978 3388 tom.
992 3334 1025 3387 11.
1048 3337 1113 3387 1859
1131 3351 1157 3402 p.
1171 3337 1232 3400 286)

56 3436 91 3473 cx
110 3417 172 3472 eod.
191 3417 274 3471 Genb
295 3419 444 3472 scribamus
467 3417 518 3485 μὲν
537 3424 565 3473 01
584 3418 668 3472 verba
690 3412 789 3488 ἔνηβοι
807 3417 860 3486 μὲν
876 3422 935 3472 κτλ.
955 3420 1128 3488 seiungamus
1147 3419 1181 3473 ab
1199 3419 1233 3472 ils

56 3519 128 3573 quac
141 3503 314 3570 antecedunt,
334 3521 395 3558 cum
408 3504 476 3558 haec
488 3505 535 3558 illc
546 3504 640 3558 tribuit
652 3505 736 3558 schol.
750 3505 952 3572 recentIoribrm,
971 3505 1019 3558 illa
1030 3505 1232 3573 vetustioribus,
1254 3511 1256 3516 '

55 3604 127 3658 quae
145 3594 236 3643 tamen
248 3590 317 3643 ratio
330 3589 504 3644 discernendi
516 3606 707 3659 nonnunquam
719 3590 848 3643 incertior
861 3590 977 3658 videtur,
997 3607 1076 3659 quam
1089 3597 1120 3644 nt
1131 3591 1233 3659 uquue

56 3675 114 3729 sine
134 3674 303 3735 dubitatione
322 3691 380 3729 eam
399 3677 478 3743 sequi
497 3677 584 3730 liceat.
621 3676 662 3729 Cf.
682 3676 769 3729 ciusd.
787 3676 873 3744 praef.
891 3694 918 3745 p.
932 3676 988 3729 LX.

143 3761 165 3824 ¹)
184 3759 226 3813 Cf.
238 3759 280 3814 id.¹
288 3761 349 3829 XV,
365 3765 411 3814 135
431 3760 465 3814 dc
483 3762 599 3815 femInae
618 3761 739 3814 canentis
752 3777 835 3827 voce3
854 3760 983 3815 clettam
1002 3761 1120 3817 Uhlandi
1136 3762 1232 3816 verba:

314 3847 453 3914 „Druntcn
471 3847 544 3916 singt
561 3847 607 3901 bei
625 3847 708 3901 Wies'
727 3847 784 3900 und
802 3847 898 3910 Qnelle

315 3932 402 3998 „Proh
421 3932 477 3986 und
494 3933 550 3986 hell
569 3933 619 3986 der
636 3932 840 3987 HIrtcnlrneb'.“

55 4019 226 4085 Quamquam
245 4020 365 4088 λιγυρῶς
383 4018 463 4072 etiem
483 4018 517 4073 de
535 4019 719 4073 adulescentis
737 4019 782 4072 vel
800 4019 851 4072 viri
868 4035 938 4074 voce
956 4019 1045 4073 media
1063 4019 1168 4072 dicitur.

142 4104 163 4170 2)
183 4101 223 4156 cf.
237 4103 323 4157 schol.
336 4106 385 4157 καὶ
404 4097 454 4158 cdv
471 4099 577 4175 μικρὸν
595 4098 635 4157 ἔτι
652 4107 702 4157 καὶ
722 4097 805 4172 derso
822 4107 909 4158 παῖδά
922 4101 952 4158 ἐν
964 4097 1100 4175 βοτάναις
1111 4097 1228 4171 potores

54 4190 143 4243 Recte
162 4189 245 4257 Igitur
262 4185 293 4243 ἐν
313 4181 411 4244 ἄνθεσι
430 4190 579 4259 explicatur
597 4187 627 4244 ἐν
645 4182 780 4261 βοτάναις
799 4196 892 4244 contra
909 4190 962 4244 elia
981 4191 1134 4259 cprIcandi
1152 4206 1232 4245 cona·

54 4274 125 4328 mina
144 4274 240 4343 schol,
265 4274 300 4328 cf.
318 4275 355 4330 id.
373 4275 502 4342 XXVIII,
527 4280 568 4341 ¹23
585 4275 673 4346 XXII,
694 4280 755 4341 1063
773 4276 846 4344 XXI,
866 4280 911 4344 35;
930 4276 976 4344 IX,
995 4281 1023 4341 43
1041 4276 1104 4346 VII,
1127 4280 1180 4329 134.
1199 4307 1232 4315 -

54 4359 97 4414 De
115 4359 185 4414 flore
203 4360 301 4416 aetatis
321 4352 410 4424 άνθος
427 4361 545 4430 positum
564 4361 651 4416 estin
669 4361 705 4416 id.
725 4361 786 4431 VII,
808 4366 862 4415 121.
882 4393 914 4400 —-
