2866 4822
127 217 166 281 88

211 388 327 451 Verum
352 394 458 451 tamen
482 388 601 452 certius
624 387 767 452 iudicare
794 407 960 472 possumus
990 386 1031 451 de
1058 387 1151 470 loeis,
1182 386 1296 471 quial

125 489 168 554 id.
184 490 263 554 VIII
286 491 462 574 comparati
485 495 642 574 apparent
672 489 758 574 apud
785 495 913 574 poetam
935 490 1099 570 Latinum3
1128 511 1203 554 nam
1232 491 1296 554 imi-

126 592 265 657 tationes
287 591 376 656 haud
399 590 515 657 dubias
539 593 696 657 cernimus
719 593 769 657 his
792 593 870 657 locis
894 612 973 674 quos
995 593 1211 658 conferamus:

331 729 434 813 Verg.
784 729 937 794 Theoor.

229 849 286 914 ⁰⁰¹·
310 850 483 1015 ζ’ΠῙζ-ῗὸ
549 833 630 1028 Ι-
662 899 704 964 ae
738 937 780 946 -
816 898 859 965 n.
885 900 973 981 vm,
996 901 1080 964 3-4

252 1103 267 1136 ,
314 1001 514 1135 utha-34
588 1091 630 1099 -
676 1103 691 1135 ,
737 1091 778 1099 -
825 1104 840 1135 ,
887 1054 975 1134 vm,
997 1055 1103 1119 o-ro

253 1205 268 1237 ,
314 1156 514 1236 rium-rs
589 1192 630 1200 -
677 1205 692 1235 ,
738 1192 779 1200 -
826 1205 841 1236 ,
887 1155 975 1236 vm,
1000 1157 1125 1220 17-22

253 1309 268 1340 ‚‚
315 1258 441 1340 Μ
549 1245 630 1354 ¹-
738 1344 778 1352 -
887 1308 965 1372 vm
998 1311 1068 1373 ers
1116 1360 1122 1373 .

253 1412 267 1444 n
314 1362 353 1444 X7
368 1363 496 1426 42—43
549 1341 561 1442 [
677 1359 691 1390 rr
825 1359 840 1390 u
967 1358 974 1389 r
1071 1328 1114 1391 qq

254 1514 269 1546 „
314 1464 513 1545 lineo-ou

255 1617 270 1648 „
315 1566 387 1648 VII,
402 1453 562 1746 disqu!

253 1719 268 1750 „
314 1670 371 1751 IX,
387 1670 428 1733 40
441 1688 508 1752 sqq.

254 1822 268 1852 ,
314 1773 373 1853 m,
389 1774 438 1853 ao,
455 1773 493 1835 81
588 1809 630 1818 -
676 1821 691 1853 ,
736 1756 779 1816 ’-
825 1821 840 1852 ,,
886 1770 1104 1850 vi11,5r,5s

254 1924 268 1955 ,‚
315 1874 493 1955 uae-34
589 1911 629 1919 -
676 1924 691 1954 ,,
737 1911 779 1918 -
825 1924 840 1955 ,,
887 1874 974 1954 vm,
998 1874 1133 1937 ro-so.

212 2011 434 2094 Intellegimus
457 2012 555 2095 igitur
578 2033 619 2076 ex
641 2011 692 2076 his
708 2011 883 2094 Vergilium
907 2031 979 2075 cum
1001 2009 1083 2075 alias
1105 2015 1217 2095 partes
1238 2015 1299 2075 tum

128 2132 255 2205 carmen
286 2113 464 2197 elegiacum
494 2113 601 2196 idyllii
623 2114 703 2179 VIII
733 2114 894 2197 cognitum
924 2112 1085 2178 habuisse.
1130 2113 1175 2178 At
1204 2133 1243 2178 ea
1270 2133 1300 2176 re

127 2215 265 2280 nondum
288 2217 494 2282 constitutum
518 2222 568 2282 est
590 2215 726 2300 Vergilii
749 2217 848 2280 oculis
876 2220 1079 2299 conspectam
1107 2216 1208 2281 fuisse
1232 2237 1300 2280 ean·

128 2317 201 2382 dem
224 2339 262 2383 ao
285 2319 376 2383 nohis
399 2320 548 2384 carminis
571 2319 800 2402 sormam1).-
821 2320 933 2400 Neque
957 2339 1031 2383 vero
1055 2339 1106 2383 res
1129 2322 1238 2402 potest
1259 2319 1300 2382 ita

128 2422 297 2505 explicari,
328 2428 364 2485 ut
393 2421 599 2506 Ahrensius2)
629 2423 745 2503 voluit,
778 2423 833 2505 qui
863 2423 912 2487 vir
943 2421 1147 2486 doctissimus
1181 2426 1300 2486 mutata

128 2524 198 2589 vice
221 2524 307 2589 locos
330 2525 539 2608 interpolatos
562 2524 746 2609 idylliorum
770 2545 811 2588 ex
834 2525 971 2607 Vergilii
995 2525 1115 2607 eclogis
1143 2525 1185 2589 ah
1209 2526 1300 2588 inter·

128 2627 272 2710 polatore
295 2627 450 2710 repetitos
473 2646 542 2692 esse
565 2628 626 2691 sibi
650 2627 756 2706 finxit;
779 2649 851 2691 nam
874 2627 936 2692 loci
959 2627 1149 2710 Vergiliani,
1172 2626 1214 2691 de
1238 2626 1300 2710 qni-

130 2717 189 2794 bus
211 2729 332 2812 agitur,
354 2750 415 2794 non
438 2730 540 2794 solum
563 2731 656 2794 nimis
684 2729 821 2813 dispersi
849 2735 923 2794 sunt
950 2751 1007 2813 per
1037 2730 1180 2813 eclogas,
1211 2749 1299 2813 quam

129 2836 164 2896 ut
197 2851 252 2896 eos
286 2831 405 2915 eligere
439 2832 535 2897 iaoile
569 2839 667 2915 esset,
705 2832 762 2897 sed
797 2834 894 2897 etiarn
928 2832 1071 2897 nonnulli
1104 2833 1299 2916 aliquantum

129 2933 282 2999 differunt
315 2955 334 2999 a
364 2935 509 3017 Graecis,
543 2936 618 3017 quin
649 2936 748 2999 etiam
780 2934 843 3000 loci
875 2934 1005 3017 quidam
1033 2935 1150 3001 Graeci
1180 2935 1299 3001 omnino

129 3057 190 3102 non
213 3037 416 3101 inveniuntur
447 3038 479 3100 in
510 3039 642 3121 eclogis,
672 3038 761 3101 velut
789 3038 878 3102 locus
908 3037 948 3101 de
979 3037 1100 3121 nuptiis
1123 3036 1300 3122 Daphnidis

133 3144 167 3203 et
189 3139 360 3223 Nymphae
384 3139 438 3223 (id.
454 3141 543 3221 VIII,
563 3140 715 3224 92-93);
744 3139 881 3223 denique
904 3139 1101 3205 commodius
1124 3140 1187 3204 fuit
1209 3141 1299 3204 inter·

131 3242 268 3326 polatori
291 3243 396 3326 ipsum
420 3243 625 3308 Theocritum
647 3263 705 3327 pro
728 3244 797 3307 eius
819 3243 980 3308 imitatore
1003 3242 1066 3307 sibi
1089 3241 1260 3308 advocare.

588 1601 630 1610 —-
675 1613 691 1646 „
736 1600 779 1609 -
825 1614 840 1646 „
886 1564 975 1646 VIII,
997 1565 1036 1627 41
1054 1584 1123 1647 sqq.

215 3362 321 3445 Atque
355 3371 390 3426 ut
423 3383 532 3427 verum
566 3364 608 3428 sit
642 3362 727 3445 quod
761 3367 900 3446 putatur,
933 3361 991 3427 sed
1024 3362 1213 3445 ambiguum
1247 3365 1300 3427 est:

130 3464 306 3548 Vergilium
329 3486 367 3530 eo
391 3464 476 3548 quod
506 3465 616 3530 decern
647 3467 810 3551 scripserit
840 3467 977 3549 eclogas,
1006 3465 1111 3549 ipsum
1142 3485 1300 3531 numerum

216 3690 234 3756 1)
253 3689 453 3756 Nonnunquam
471 3687 541 3740 inter
559 3686 698 3741 Theocriti
723 3690 751 3740 et
769 3687 884 3755 Vergilii
908 3687 985 3741 locos
1009 3691 1183 3755 comparatos
1207 3687 1301 3742 disere·

130 3773 222 3840 pantio
239 3773 420 3828 memorabilis
440 3773 555 3840 exsistit,
573 3773 650 3826 velut
669 3773 751 3840 Verg.
765 3772 815 3826 eol.
834 3772 869 3839 Il,
882 3776 914 3826 36
933 3772 1026 3827 laudat
1043 3771 1160 3828 fistulam
1179 3778 1302 3842 septen

132 3858 303 3927 calamorum,
323 3859 438 3913 Theoer.
457 3859 494 3912 id.
514 3858 589 3927 VIII,
605 3862 635 3911 18
654 3862 786 3911 memorat
803 3857 920 3911 fistulam
938 3874 1056 3912 novem
1074 3857 1254 3924 calamorum
1270 3855 1301 3911 ef.

132 3945 213 3997 etiam
232 3945 314 4012 Verg.
334 3945 384 3998 eol.
403 3944 451 4012 III,
471 3949 503 3998 32
517 3960 557 4013 sq.
583 3944 696 4011 ,iniusta
713 3944 845 3997 noverca’
865 3974 898 3981 -
917 3943 1027 4012 ,bisque
1053 3943 1119 4012 die’,
1144 3948 1173 3998 et
1191 3945 1301 3998 Theoer.

131 4029 207 4093 VIII,
228 4035 257 4084 16
281 4022 318 4098 χᾶ
341 4025 483 4100 μάτηρ-
503 4027 672 4099 ποθέσπερα,
697 4029 796 4082 deinde
820 4029 902 4098 Verg.
927 4030 976 4083 ecl.
1001 4029 1063 4095 VII,
1081 4034 1112 4082 ii)
1136 4029 1234 4084 verba:
1259 4042 1303 4097 ,ex

131 4116 177 4170 illo
191 4117 318 4185 Corydon
331 4117 460 4186 Corydon
479 4120 521 4170 est
539 4120 663 4183 tempore
681 4115 772 4168 nobis'
792 4132 852 4168 oum
870 4116 932 4169 loeo
945 4116 1063 4169 Theoer.
1082 4115 1164 4169 slmili
1182 4121 1211 4170 et
1229 4113 1303 4170 simul

132 4202 257 4256 dissimili
269 4201 345 4272 VIII,
360 4205 469 4269 92-94,
487 4206 624 4270 tamquam
642 4202 666 4255 si
678 4201 760 4269 Verg.
774 4200 838 4254 olim
857 4200 909 4254 alia
925 4201 952 4254 in
971 4201 1117 4270 exemplari
1133 4217 1184 4256 suo
1203 4200 1302 4272 legerit.

218 4308 239 4373 ²)
259 4304 299 4360 cf.
319 4305 414 4359 Philol.
433 4305 554 4358 XXXIII
572 4321 599 4372 p.
613 4308 662 4358 393
675 4321 716 4372 sq.
