2866 4822
200 244 241 308 60

200 412 395 479 Graecitat‘.
437 413 478 475 Et
500 411 677 476 rectissime
700 411 891 477 Meinekius:
921 409 1016 492 ,illud
1046 402 1238 494 ἀπεκρίθην
1270 410 1374 493 igitur,

200 515 312 597 inquit,
334 513 435 597 ipsius
457 517 573 597 potitae
595 513 710 577 vitium
740 515 810 594 est’,
840 513 1021 577 accuratius
1042 532 1117 576 vero
1145 511 1175 575 ei
1205 510 1374 577 dicendum

200 617 262 681 fuit
292 614 564 699 ,interpolatoris’.
616 616 728 697 Neque
762 619 869 679 tamen
899 615 1025 679 silentio
1056 612 1374 697 praetermittendum

200 723 250 784 cst
278 716 359 782 illud
387 716 594 782 memorabile
623 737 662 782 ac
693 717 797 782 simile
829 709 998 801 ἄμείφθην
1027 716 1061 780 in
1090 714 1133 781 id.
1149 716 1220 798 VH,
1237 718 1288 799 27,
1318 717 1375 782 etsi

199 841 262 884 non
285 819 478 901 dubitamus,
502 820 577 901 quin
599 818 634 883 id
656 819 732 884 huic
754 819 832 901 loco,
855 818 1004 901 quoniam
1028 822 1101 883 sunt
1116 817 1217 882 verba
1241 817 1374 900 diversa,

200 923 440 987 cucusatIonem
462 922 519 985 vix
541 920 665 985 afferat.
710 921 757 985 of.
777 915 1000 1004 ὑποκρίνοιτο
1023 920 1057 984 in
1079 917 1121 984 id.
1137 920 1232 1002 ΙΧ,6
1256 919 1288 1003 (i.
1305 940 1331 986 e.
1346 921 1375 985 in

200 1029 292 1108 parte
314 1023 402 1088 haud
425 1022 524 1087 dubie
546 1022 691 1106 insitiva)
715 1029 747 1087 et
770 1023 874 1106 ipsum
901 1022 1041 1087 insolens
1068 1022 1237 1105 scriptum,
1268 1028 1375 1089 contra

200 1126 224 1205 I,
240 1126 294 1190 92:
316 1125 532 1205 κοτελέξοιτο,
558 1127 631 1190 16οε
658 1125 889 1208 κοταμείβετο.
936 1125 1084 1189 Ceterum
1107 1124 1263 1190 orationis
1286 1145 1375 1210 aspe-

200 1228 280 1292 ritas
303 1228 335 1291 in
358 1227 418 1292 hoc
450 1246 543 1292 versu
572 1227 667 1292 tmesi
697 1227 794 1292 etiam
824 1227 986 1291 molestior
1016 1225 1060 1291 fit.
1084 1263 1123 1272 —
1147 1226 1195 1293 Ac
1227 1247 1267 1292 ne
1297 1228 1375 1294 alter

201 1328 330 1413 quidem
354 1348 463 1394 versus
495 1330 549 1412 qui
572 1329 716 1411 sequitur
739 1328 805 1413 (75)
836 1333 924 1393 caret
946 1329 1063 1394 vitiosa
1093 1327 1224 1394 dicendi
1254 1330 1375 1395 ratione

201 1431 253 1516 (cf.
277 1432 373 1497 etiam
396 1433 510 1497 Kunst.
533 1432 587 1496 11.
610 1453 639 1516 p.
656 1433 723 1515 48);
753 1452 826 1496 nam
856 1452 926 1496 cum
956 1430 1092 1515 legimus
1122 1427 1185 1495 τὰν
1215 1419 1375 1516 ἁμετέραν

201 1530 283 1598 ὁδὸν
307 1527 433 1617 εἷρπον,
460 1554 521 1598 non
545 1534 647 1598 minus
669 1534 806 1598 insolens
829 1538 885 1597 aut
907 1533 1017 1616 inepta
1044 1533 1229 1597 enuntiatur
1252 1533 1373 1599 Graeca

201 1636 368 1718 sententia,
399 1657 493 1719 quam
524 1637 550 1701 si
581 1640 677 1720 poeta
703 1640 828 1700 nostras
862 1635 997 1700 diceret:
1030 1635 1096 1716 ,ich
1129 1635 1207 1719 ging
1242 1655 1374 1702 unseren

200 1739 303 1822 Weg'.
358 1737 405 1802 Of.
436 1743 547 1802 contra
577 1738 664 1802 Bion.
687 1738 761 1818 XII,
786 1740 816 1802 1:
851 1733 956 1820 αὐτὰρ
986 1733 1072 1820 ἐγών
1105 1740 1267 1820 βαοεῦμαι
1297 1735 1374 1822 ἐμὰν

201 1829 293 1905 ὁδόν.
345 1841 429 1924 Ipsis
458 1841 558 1925 igitur
589 1840 689 1905 oculis
719 1839 878 1920 videmus,
908 1840 1020 1923 quales
1050 1843 1137 1904 artes
1166 1839 1374 1924 interpolator

200 1941 385 2007 adhibuerit
418 1941 460 2007 ad
494 1942 573 2008 duos
606 1944 665 2007 hos
694 1961 804 2007 versus
834 1939 1047 2007 fabricandos.
1078 1979 1119 1986 —
1149 1941 1268 2008 Cetera
1303 1964 1373 2008 vero

201 2044 341 2110 disticha
363 2045 468 2109 omnia
492 2044 576 2128 quod
603 2045 780 2109 tribuamus
808 2043 913 2109 eidem
936 2043 1154 2125 versificatori,
1182 2064 1248 2110 uon
1277 2044 1373 2110 habe·

200 2167 279 2212 mus.
323 2147 538 2230 Quaecunque
561 2147 622 2211 viri
644 2145 731 2211 docti
758 2147 841 2212 alius
869 2147 964 2210 aliter
990 2150 1089 2229 atque
1116 2145 1195 2210 alibi
1223 2147 1256 2210 in
1285 2146 1373 2211 dubi·

200 2249 355 2313 tationem
377 2249 652 2332 suspicionemque
675 2255 877 2330 vocaverunt,
908 2269 948 2313 ea
976 2269 1039 2313 non
1069 2253 1142 2313 sunt
1171 2253 1240 2313 tam
1268 2249 1373 2332 magni

200 2351 367 2433 momenti,
397 2357 432 2415 ut
459 2371 653 2435 magnopere
683 2356 798 2435 poetae
828 2351 964 2416 orationi
993 2350 1213 2415 adversentur.
1263 2350 1372 2434 Itaque

191 2452 406 2518 *dissentimus
429 2474 449 2518 a
470 2453 627 2518 Brinkero
651 2453 717 2536 (1.1.
734 2474 763 2537 p.
779 2454 843 2537 29),
866 2454 921 2536 qui
944 2454 1037 2535 ,hunc
1060 2456 1187 2517 cantum
1211 2452 1372 2520 Theocriti

200 2576 262 2620 non
292 2575 362 2620 esse
391 2560 521 2640 propter
552 2555 684 2620 verbum
716 2557 826 2640 νέμειν
856 2577 885 2622 v.
901 2557 942 2620 66
972 2555 1146 2620 insolenter
1176 2556 1372 2640 usurpatum’

201 2658 368 2723 censuerit.
412 2658 529 2723 Verum
560 2664 610 2723 est
640 2657 780 2743 νέμεινῑ)
813 2678 884 2723 cum
906 2658 1035 2723 notione
1063 2659 1222 2741 ,pascere'
1254 2657 1372 2742 (agere)

200 2760 373 2825 insolenter
401 2759 488 2844 apud
518 2761 725 2826 Theocritum
754 2760 883 2843 quidem
912 2779 970 2825 nos
999 2760 1152 2844 scriptum
1182 2758 1296 2824 videre
1326 2758 1373 2844 (ci.

200 2863 321 2928 usitata
350 2883 401 2946 ap.
424 2863 483 2927 Th.
515 2862 613 2928 verba
642 2862 795 2946 pascendi
825 2864 858 2926 io
887 2862 952 2927 tab.
974 2883 1004 2946 p.
1026 2860 1093 2945 53);
1122 2864 1264 2926 attamen
1299 2861 1373 2928 alibi

200 2983 425 3046 nonnunquam
447 2964 585 3030 occurrit
606 2965 634 3028 is
657 2963 748 3028 verbi
771 2983 855 3045 usus,
878 2969 914 3028 ut
936 2960 1023 3047 apud
1045 2963 1218 3026 Homerum
1241 2960 1301 3028 Od.
1322 2962 1374 3044 IX,

200 3067 262 3130 233
284 3065 421 3150 legimus
443 3063 594 3150 idemque
616 3065 776 3131 absolute:
804 3058 870 3141 εἷος
893 3063 1019 3150 ἐπῆλθε
1042 3065 1162 3148 νέμων.
1208 3063 1256 3130 ss.
1280 3065 1374 3130 etiam

200 3167 317 3233 Herod.
332 3169 357 3251 I,
373 3170 447 3233 110:
470 3165 573 3251 νομὰς
597 3168 751 3252 νέμοντα.
796 3168 877 3232 Xen.
894 3167 966 3251 Cyr.
981 3167 1040 3249 III,
1056 3168 1084 3249 2,
1104 3168 1158 3231 20:
1181 3157 1243 3251 ὄρη
1266 3167 1374 3251 νέμειν

200 3268 298 3334 -oi
321 3271 540 3354 νέμοντες-
563 3271 674 3354 νέμειν
696 3309 736 3318 -
760 3270 898 3353 νέμοιτε.
945 3267 1012 3334 Sed
1033 3266 1124 3333 aliud
1146 3273 1204 3350 est,
1227 3269 1255 3334 si
1278 3269 1374 3335 semel

200 3373 232 3437 in
255 3379 370 3457 politae
386 3373 578 3438 carminibus
595 3373 728 3437 formam
748 3372 938 3437 insolentem
957 3369 1087 3436 admitti
1102 3370 1256 3454 volumus,
1279 3369 1374 3452 aliud,

200 3475 228 3540 si
258 3474 371 3540 eadem
401 3481 515 3559 quater
545 3476 643 3540 etiam
672 3475 704 3539 in
734 3495 796 3540 uno
827 3475 966 3540 carmine
995 3473 1168 3555 invenitur,
1197 3479 1235 3538 ut
1265 3480 1317 3539 est
1345 3475 1374 3538 in

200 3576 295 3642 huius
317 3576 424 3660 idyllii
447 3599 475 3643 v.
491 3581 520 3660 2,
535 3580 584 3659 lo,
601 3579 650 3659 52,
666 3579 715 3642 66.
759 3578 872 3660 Neque
894 3577 994 3661 igitur
1015 3577 1049 3640 in
1068 3597 1096 3640 r.
1112 3577 1152 3641 67
1175 3574 1258 3640 illud
1281 3597 1375 3641 unum

202 3678 345 3761 νέμοντα
367 3686 492 3746 tantum
514 3680 611 3762 valet,
634 3685 669 3745 ut
691 3680 915 3745 Theocriteam
938 3679 1162 3744 auctoritatem
1184 3679 1254 3743 iure
1278 3678 1375 3745 versi·

201 3779 260 3843 bus
283 3779 453 3846 detrahere
476 3782 585 3866 possit.
630 3781 777 3847 Ceterum
806 3779 988 3846 emendatio
1016 3780 1079 3845 loci
1106 3779 1202 3845 facile
1230 3779 1375 3861 efficitur,

202 3881 230 3946 si
252 3883 419 3949 scribimus
443 3887 611 3966 νομεῦντα
633 3884 837 3967 (νομέοντν);
864 3883 905 3948 de
932 3904 1012 3949 voce
1034 3881 1145 3966 copem
1173 3881 1213 3948 el.
1237 3882 1375 3948 Lobech.

202 3983 244 4048 ad
266 3985 383 4070 Phryn.
406 4009 436 4071 p.
452 3989 522 4052 590.
551 4025 593 4032 —
626 3986 751 4051 Deinde
783 3986 941 4051 immerito
972 3986 1004 4050 in
1033 4005 1111 4050 voce
1141 3975 1228 4049 ὅκκα
1259 3983 1302 4070 (v.
1325 3982 1374 4067 68)

288 4224 308 4292 ¹)
328 4222 417 4277 Aliam
436 4225 491 4277 vim
509 4224 592 4279 habet
611 4221 703 4291 νέμων
721 4224 748 4277 in
766 4224 803 4278 id.
822 4223 911 4292 XVII,
925 4229 957 4278 69
977 4228 1005 4277 et
1022 4223 1108 4290 XXV,
1123 4227 1168 4276 171
1190 4221 1290 4291 (epigr.
1303 4220 1374 4288 xlv.

203 4312 215 4362 l
236 4314 264 4362 et
280 4309 383 4379 XXIII,
399 4310 433 4378 1).
451 4340 485 4348 -
