2910 4830
138 266 179 329 30

138 433 257 500 codicis
281 454 304 499 s.
349 434 549 517 Quamquam
578 433 718 498 medium
749 428 963 518 θησεύμεοθο
992 432 1120 496 minime
1151 431 1316 497 offendere

138 542 248 602 contra
270 537 465 601 Meinekium
492 536 512 600 l.
532 536 551 600 l.
579 557 609 620 p.
624 537 687 601 470
717 541 750 600 et
780 536 971 599 Brinkerum
993 534 1012 599 l.
1035 534 1055 598 l.
1084 533 1315 615 contendimus,

137 643 214 722 quia
244 639 518 724 interpretandum
550 645 611 704 est:
643 637 742 722 ‚qnod
764 638 940 722 praemium
965 637 1073 702 nobis
1097 636 1314 721 deponemus’,

137 763 219 825 quae
253 743 302 807 vis
334 743 367 805 in
401 742 601 824 sequentium
635 761 783 806 versuum
817 740 927 805 formis
960 743 1070 824 θηοοὸ,
1104 743 1219 824 θηοεῑς
1254 746 1314 805 etc.

137 850 248 929 aperte
278 865 338 909 non
368 845 462 923 inest,
493 847 600 907 tamen
624 843 745 907 numeri
768 829 879 908 uersus
902 847 975 907 sunt
997 862 1114 925 magna
1136 843 1314 926 asperitate

137 952 170 1012 et
192 947 371 1011 insolentia.
409 945 456 1010 uf.
473 945 609 1009 Meinek.
626 945 644 1010 l.
659 945 679 1009 l.
695 966 724 1029 p.
740 946 815 1010 47οε
839 966 954 1028 ,neque
974 944 1134 1029 spondeus
1150 945 1181 1008 in
1198 950 1313 1027 quarto

137 1048 220 1133 pede
243 1047 375 1113 defendi
396 1048 529 1132 potest’;
552 1047 700 1111 similiter
715 1047 860 1112 iudicant
876 1048 979 1112 Hiller
994 1047 1013 1111 l.
1029 1047 1048 1111 l.
1065 1052 1098 1111 et
1113 1047 1251 1111 Brinker
1262 1047 1283 1111 l.
1294 1047 1314 1112 l.

136 1173 166 1236 p.
183 1153 222 1217 19
239 1156 271 1216 et
287 1153 336 1215 24.
381 1149 427 1215 of.
443 1151 541 1214 etiarn
557 1151 670 1215 Kunst.
686 1150 705 1214 l.
721 1150 741 1215 l.
761 1171 790 1234 p.
806 1152 846 1214 55
859 1170 940 1233 sqq.;
964 1149 1180 1234 exemplorum
1196 1155 1314 1231 tamen,

137 1275 220 1337 qnae
253 1254 298 1317 ibi
329 1253 465 1318 collecta
495 1252 640 1317 videmus
674 1253 718 1336 (in
749 1253 864 1336 quibus
894 1251 1053 1336 spondeus
1082 1252 1175 1336 pedis
1206 1253 1314 1335 quarti

136 1358 324 1439 insequente
346 1355 500 1421 incisione
523 1356 668 1438 legitur),
698 1354 850 1420 nonnulla
872 1354 1074 1439 segreganda
1097 1361 1256 1439 putamus,
1280 1360 1314 1420 ut

136 1461 200 1541 Ι,6.
219 1461 279 1524 130
302 1458 375 1523 alia.
421 1457 541 1523 Eodem
565 1457 704 1539 accedit,
734 1462 769 1521 ut
792 1459 818 1522 si
841 1462 969 1541 poetam
992 1459 1096 1541 ipsum
1119 1457 1160 1522 de
1183 1479 1218 1522 re
1241 1478 1314 1542 per-

137 1566 308 1642 contemur,
323 1561 357 1625 in
372 1561 536 1626 enuntiato
553 1561 688 1625 relativo
704 1560 863 1644 particula
879 1583 938 1624 κεν
950 1559 1142 1642 requirenda
1154 1558 1314 1642 videatur,

136 1665 265 1729 tametsi
296 1684 358 1728 non
381 1662 547 1728 abundant
569 1663 638 1727 eius
660 1663 787 1746 generis
810 1663 970 1746 exempla3
1001 1663 1206 1728 inveniuntur
1228 1664 1314 1728 enim

136 1767 229 1832 haec:
252 1767 282 1830 in
306 1765 454 1850 genuinis
475 1763 554 1830 idd.:
577 1765 648 1846 VII,
662 1767 722 1829 100
745 1762 867 1841 ἐσθλὸς
888 1763 983 1851 οἶνήρ,
1011 1759 1079 1849 μέγ’
1095 1757 1244 1848 ἄριστος,
1274 1760 1315 1831 ὃν

138 1861 217 1935 οὐδὲ
239 1893 298 1934 κεν
321 1865 422 1935 αὐτὸς
445 1859 567 1932 ἀείδειν
586 1869 590 1951 i
615 1872 738 1948 Φοῖβος
761 1864 822 1932 oda
838 1864 996 1952 φόρμιγγι
1011 1863 1103 1950 παρὰ
1118 1863 1314 1950 τριπόδεσσι

135 1973 295 2055 μεγαίροι.
341 1971 415 2051 XII,
429 1972 469 2034 14
498 1963 545 2045 ὥς
575 1993 634 2034 κεν
662 1959 680 2032 ὁ
707 1967 873 2044 Θεσσαλὸς·
904 1969 1006 2047 εἴποι,
1038 1971 1071 2034 in
1094 1969 1210 2035 ceteris
1232 1969 1313 2035 idd.:

136 2075 243 2155 XXII,
255 2075 295 2138 64
326 2065 469 2157 ἄργυρος
496 2066 516 2156 ἢ
547 2073 596 2149 τίς
627 2069 800 2156 ὁμιοθός,
831 2070 923 2155 ἐρεῖς,
947 2060 975 2156 q}
997 2073 1056 2136 κέν
1079 2093 1113 2136 σε
1136 2073 1316 2155 uiduarum

137 2175 283 2262 (attende
306 2176 366 2240 hoc
389 2176 583 2260 exemplum,
610 2175 643 2239 in
666 2196 728 2258 quo
751 2176 911 2239 sententia
933 2175 1006 2240 huic
1030 2174 1193 2239 simillima
1215 2175 1315 2239 simili

138 2278 232 2344 modo
255 2277 408 2362 effertur),
452 2278 554 2359 XXV,
566 2280 606 2343 49
623 2275 670 2376 ,σύ
685 2300 742 2361 μοι
758 2273 888 2360 φράσον
910 2313 953 2322 -
976 2267 1065 2352 ὅστις
1081 2269 1132 2341 ἐπ’
1148 2268 1315 2359 dyocesani>

136 2377 365 2465 γεραρώτερος
381 2375 590 2466 αἰσυμνήτης,
608 2378 635 2464 ui
650 2403 686 2444 κε
703 2375 743 2443 τὸ
758 2379 818 2462 μὲν
833 2379 968 2462 εἴποιμι.
999 2379 1046 2444 Of.
1061 2379 1163 2461 XXV,
1176 2381 1225 2444 61.
1236 2379 1259 2464 ¹)
1273 2417 1315 2426 -

137 2485 251 2567 Itaque
281 2484 417 2548 fortasse
439 2481 722 2566 prudentissimum
745 2486 794 2546 est
816 2483 934 2546 reverti
957 2480 999 2546 ad
1023 2483 1212 2566 scripturam
1235 2483 1314 2546 Am-

138 2588 277 2652 brosiani
293 2585 344 2670 (k)
367 2591 400 2650 et
416 2585 564 2650 Vaticani
581 2583 639 2669 (m)
655 2622 697 2629 —
713 2583 850 2649 Medioei
866 2583 911 2669 (p)
928 2585 1085 2668 scriptura
1101 2605 1161 2649 non
1176 2585 1314 2650 multum

138 2689 247 2754 differt
277 2711 296 2754 a
326 2687 437 2754 codice
467 2707 483 2753 s
512 2725 567 2769 -,
597 2693 632 2752 ut
655 2689 698 2753 sit
719 2688 822 2752 altera
845 2707 956 2753 versus
978 2707 1053 2772 pars
1076 2679 1168 2765 ὅστις
1188 2680 1218 2771 χ’
1234 2677 1314 2772 ἁμῖν

139 2785 253 2875 ἄρκιος
281 2791 331 2876 εἴη
361 2798 393 2857 et
422 2792 455 2855 in
478 2791 583 2875 priore
609 2797 709 2856 restet
731 2810 811 2855 unus
834 2791 931 2856 verbo
959 2790 1127 2856 inserendo
1155 2790 1314 2875 dactylus.

138 2895 203 2960 Sed
226 2895 279 2959 hic
302 2894 484 2974 haeremus;
515 2914 587 2958 nam
610 2914 714 2976 neque
737 2893 890 2958 traditum
915 2887 1095 2978 θηρώμεθ’
1118 2893 1258 2977 quadrat
1281 2896 1313 2958 in

138 3016 285 3062 numeros
308 3017 411 3080 neque
435 2995 543 3061 dicere
566 3015 745 3080 possumus,
774 3016 857 3079 quae
881 2996 946 3061 alia
968 2997 1058 3062 verbi
1081 2996 1183 3061 forma
1206 2997 1313 3062 versui

137 3098 403 3166 accommodetur.
448 3100 565 3164 Verum
596 3098 724 3182 quidem
755 3099 890 3182 cogitari
918 3119 979 3163 non
1002 3099 1111 3181 debet,
1142 3100 1169 3164 si
1193 3100 1313 3182 quain

137 3210 276 3269 mentem
299 3203 407 3267 veniat
430 3202 536 3283 alicui,
559 3200 600 3266 de
622 3200 731 3266 formis
754 3192 919 3287 θήσομεθ)
934 3201 987 3265 vel
1010 3194 1162 3285 θήσομεν
1183 3221 1313 3285 prorsus

137 3306 251 3371 alienis
281 3326 300 3369 a
331 3305 471 3370 dialecto
501 3304 703 3369 Theocritea.
747 3303 796 3368 An
827 3304 1077 3369 versificatorem
1106 3302 1141 3367 id
1171 3324 1205 3368 re
1235 3325 1314 3370 vera

137 3409 274 3474 fefellit?
317 3409 464 3492 Denique
487 3428 585 3472 unum·
606 3407 762 3489 reliquum
786 3413 850 3489 est,
874 3407 958 3490 quod
981 3408 1132 3472 miramur
1153 3408 1185 3471 in
1209 3427 1313 3473 versu.

137 3514 187 3577 Ex
207 3512 338 3578 vocibus
361 3512 444 3576 enim
467 3512 542 3575 τίνα
565 3548 607 3556 -
629 3503 720 3587 ὅστις
743 3548 783 3556 -
806 3501 922 3592 ἄρκιος
945 3515 1080 3594 apparet
1104 3503 1226 3586 ἄεθλος
1242 3508 1314 3594 (pro

138 3607 276 3698 ἄεθλον)
307 3615 483 3698 praemium
513 3613 695 3679 certaminis
725 3614 756 3676 in
787 3613 932 3678 versibus
962 3613 1017 3696 qui
1046 3611 1242 3677 antecedunt
1265 3615 1314 3678 in-

138 3717 356 3801 tellegendum
385 3737 468 3798 esse;
498 3722 609 3782 eontra
638 3716 722 3781 hunc
752 3717 839 3781 vocis
866 3723 957 3780 usum
984 3721 1129 3800 pugnant
1151 3715 1214 3780 duo
1236 3715 1314 3782 loci:

138 3820 179 3885 id.
197 3821 221 3902 Ι,
233 3821 266 3885 3:
288 3817 372 3904 μετὰ
393 3823 491 3885 Πᾶνα
513 3816 553 3884 τὸ
577 3817 737 3903 δεύτερον
760 3811 873 3884 ἆθλον
896 3810 1019 3902 ductor}
1035 3824 1068 3883 et
1083 3817 1125 3882 id.
1140 3819 1247 3901 XXII,
1261 3821 1302 3885 70

224 4024 244 4092 ¹)
263 4023 344 4088 Quod
366 4023 431 4077 licet
454 4024 586 4093 Homero,
611 4041 665 4078 non
687 4039 796 4092 semper
820 4023 895 4077 licuit
918 4023 1079 4088 Theocrit03
1103 4022 1137 4077 ct.
1156 4023 1187 4076 Il.
1200 4023 1234 4092 V,
1254 4027 1313 4079 303.

137 4109 240 4180 XXIII,
254 4113 311 4163 404.
340 4106 386 4162 Au
399 4109 510 4163 Homeri
527 4110 680 4178 exemplum
693 4110 875 4178 compositum
893 4114 935 4163 est
946 4109 983 4162 id.
995 4108 1081 4179 XXV,
1099 4109 1192 4177 itaque
1209 4125 1235 4163 v.
1250 4113 1314 4163 219:

139 4189 225 4250 ὅντιν’
237 4192 363 4267 ἐροίμην.
375 4226 408 4234 -
427 4197 516 4249 Locus
534 4196 571 4248 id.
584 4195 644 4263 XV,
658 4200 703 4250 94:
721 4189 759 4262 μή
779 4188 836 4264 udo
856 4196 1014 4257 Μελιτώδες
1033 4187 1064 4257 ὃς
1084 4186 1164 4262 ἁμῶν
1176 4189 1314 4266 καρτερὸς

137 4277 180 4353 εἴη
198 4277 271 4336 ateio
289 4277 352 4346 ἑνός
376 4284 545 4353 aitquatenus
567 4283 666 4352 probat
684 4283 700 4336 l.
719 4284 765 4336 id.i
783 4283 876 4348 VIIIi;
898 4282 948 4336 sed
966 4286 993 4335 in
1011 4283 1058 4336 illo
1078 4282 1217 4336 enuntiato
1235 4282 1314 4336 relat.

138 4370 299 4440 copulantur
317 4370 387 4425 duae
405 4370 551 4425 verborum
570 4370 794 4424 constructiones.
814 4400 846 4407 —
864 4368 906 4426 uf.
924 4365 1044 4424 WthIn.
1063 4368 1080 4423 l.
1099 4369 1116 4422 l.
1133 4385 1160 4438 p.
1175 4372 1214 4422 19.
1233 4398 1268 4407 -
