2866 4822
213 224 254 289 74

211 414 339 460 movere
365 394 498 477 possint.
541 393 591 458 De
620 393 836 458 concinnitate
866 398 987 474 tamen,
1016 413 1101 477 qnae
1130 393 1328 478 conspicitur
1355 398 1383 458 et

211 497 244 561 in
266 498 337 580 pari
359 497 496 562 circuitu
518 496 749 561 cantilenarum
772 500 805 559 et
831 495 864 559 in
891 495 1059 561 sententiis
1085 494 1308 577 conformatis,
1333 495 1383 560 de·

210 600 402 666 trahendum
425 605 483 682 est,
505 599 600 684 quod,
622 600 768 665 versibus
791 601 810 665 7
833 604 867 664 et
888 602 908 664 8
930 619 992 664 non
1013 599 1179 684 respectis,
1202 598 1330 664 demum
1346 599 1383 663 ad

211 725 241 769 v.
255 706 275 769 9
291 723 360 786 sqq.
374 701 569 787 respondent
591 723 642 766 vv.
660 703 700 766 15
715 721 784 785 sqq.
806 699 891 783 (ἔστι
915 701 952 765 δέ
971 724 1029 783 μοι
1050 691 1238 784 παρ’ῧδωρ
1259 696 1383 783 ψυχρὸν

211 802 324 884 στιβὰς
358 843 399 850 -
430 797 523 892 κήγώ
555 800 663 869 καλὸν
700 798 827 886 ἄντρον
859 802 1010 881 ἐνοικέω)
1047 808 1080 869 et
1114 802 1159 868 ad
1195 804 1381 868 sententian

212 906 366 992 (12,13):

314 1030 364 1090 rui
386 1027 421 1091 δὲ
445 1026 564 1108 θέρευς
586 1017 778 1108 φρύγοντος
800 1020 867 1108 ἐγώ
889 1021 1013 1089 τόοοον
1033 1024 1235 1106 restrictum,

312 1120 414 1194 ὅσσον
436 1126 558 1212 ἐρῶντι
579 1120 708 1209 πατρὸς
729 1116 855 1209 μύθων
877 1126 933 1189 καὶ
954 1121 1082 1211 ματρὸς
1104 1119 1247 1191 ἀκούειν

212 1268 324 1332 parum
346 1246 446 1332 probe
468 1247 597 1312 formati
620 1251 694 1311 sunt
715 1266 768 1310 vv.
783 1248 834 1327 20,
850 1249 905 1312 21:

773 1362 838 1446 ἔχω
861 1365 899 1429 δέ
919 1388 973 1429 τοι
995 1355 1069 1430 ov'd’
1084 1355 1169 1430 ὅσον
1190 1359 1289 1448 ὥραν

311 1469 466 1551 χείματος
492 1461 512 1551 ἢ
534 1466 644 1542 νωδὸς
666 1461 804 1547 καρύων
826 1460 968 1548 οἱμύλοιο
990 1464 1173 1549 παρόντος,

211 1610 296 1671 quae
317 1587 485 1652 verborum
508 1591 669 1651 structura
691 1576 777 1668 (οὐδ’
794 1575 876 1648 ὅσον
889 1579 967 1672 -ἢ
986 1618 1027 1638 =
1047 1607 1088 1651 ne
1109 1591 1236 1650 tuntum
1260 1586 1382 1669 quidem

210 1728 254 1738 -
276 1689 384 1774 quarn)
411 1691 480 1755 iure
503 1689 670 1773 scrupulos
692 1688 921 1771 interpretibus
947 1687 1140 1771 quibusdem
1149 1688 1172 1772 ¹)
1200 1689 1312 1754 intulit
1338 1689 1383 1772 (f.

212 1794 307 1877 Verg.
322 1793 381 1858 ecL
403 1793 474 1872 VII,
489 1791 557 1874 51);
579 1790 635 1855 alii
659 1795 766 1854 autem
789 1810 849 1853 non
872 1796 960 1856 reete
982 1791 1148 1875 explicant
1170 1792 1297 1874 opinati
1319 1782 1384 1855 οὐδ’

212 1890 296 1961 ὅσον
331 1894 519 1978 simpliciter
552 1913 609 1976 pro
643 1880 748 1975 ἧσσον
781 1893 885 1977 accipi
918 1913 1021 1976 posse.
1076 1893 1251 1958 Oensemus
1284 1895 1384 1977 potius

212 1997 427 2075 Theocritum
449 1999 486 2059 ut
507 2014 632 2077 semper
655 1993 723 2057 iere
745 1994 777 2057 in
800 1994 841 2058 iis
863 1995 1156 2078 comparationibus
1176 1994 1286 2060 Iacere
1310 1996 1384 2061 solet

212 2098 265 2179 (cf.
284 2099 373 2178 1,54.
396 2098 437 2177 ΙΙ,
453 2099 504 2160 45.
521 2097 591 2161 114.
614 2096 673 2176 III,
688 2097 738 2159 50.
760 2095 814 2175 IV,
830 2098 880 2161 39.
903 2097 974 2177 VH,
990 2098 1041 2162 97.
1062 2097 1137 2177 XII,
1153 2098 1173 2161 3
1188 2115 1258 2179 sqq.
1286 2097 1385 2178 XVII,

212 2202 253 2265 38
269 2219 323 2282 sq,
339 2200 380 2263 66
395 2218 473 2281 sqq,
492 2198 553 2277 ai),
575 2198 765 2280 scripturum
788 2198 887 2263 inisse
909 2199 1066 2281 superiori
1088 2199 1270 2263 sententiae
1293 2199 1384 2264 adae-

212 2305 345 2385 quatum
367 2299 449 2364 illud
472 2292 546 2363 οὐδ’
561 2286 644 2364 ὅσον
665 2337 707 2344 -
729 2297 843 2364 τόσον.
866 2338 909 2346 -

298 2403 404 2485 Atque
427 2400 668 2466 evidentissime
691 2402 832 2465 imitator
854 2406 970 2485 poetae
996 2401 1111 2467 incidit
1140 2403 1173 2466 in
1195 2423 1299 2486 grave
1321 2403 1384 2469 diu·

211 2506 288 2570 lecti
311 2506 439 2584 vitium,
468 2502 554 2586 quod
581 2503 721 2567 cernitur
743 2503 776 2566 in
798 2523 876 2568 voce
897 2500 1069 2586 παρόντος
1095 2507 1137 2586 (v.
1157 2504 1212 2588 21)
1240 2504 1385 2589 quodque

212 2627 306 2692 porro
337 2608 386 2671 bis
416 2607 448 2669 in
478 2603 591 2670 eodem
621 2605 762 2669 carmine
790 2606 946 2688 repetitur
976 2627 1005 2670 v.
1026 2607 1080 2670 27:
1103 2591 1201 2669 οὖσιν
1224 2612 1258 2671 et
1286 2629 1315 2672 v.
1337 2609 1385 2672 29:

212 2706 346 2789 πορών,
376 2726 457 2790 quas
486 2713 552 2771 tres
580 2706 744 2789 participii
771 2705 892 2770 formas
921 2707 1135 2772 alienissimus
1166 2727 1239 2773 esse
1269 2729 1342 2774 cum
1368 2729 1385 2772 u

212 2811 370 2876 communi
393 2809 533 2874 dialecto
556 2809 675 2872 Dorica
697 2806 750 2890 (cf.
766 2808 900 2872 Ahrens.
923 2807 964 2872 de
987 2807 1064 2873 diat
1080 2809 1155 2874 Dor.
1176 2831 1207 2893 p.
1223 2811 1301 2895 323)
1324 2817 1384 2876 tum

213 2914 447 2978 aTheocritea
469 2911 610 2976 dictione
638 2910 815 2975 clarissime
842 2912 1081 2993 certissimeque
1108 2911 1280 2977 ostendere
1306 2914 1385 2978 licet.

213 3018 274 3080 Pro
297 3016 336 3080 iis
359 3016 443 3079 enim
466 3013 585 3093 formis,
607 3033 690 3095 quae
713 3012 878 3078 codicibus
898 3014 1043 3078 omnibus
1058 3019 1244 3079 constanter
1265 3021 1299 3080 et
1320 3037 1386 3083 cum

213 3118 277 3181 fide
299 3115 478 3195 traduntur,
504 3113 591 3197 apud
614 3113 820 3178 Theocritum
848 3132 973 3198 semper
1003 3115 1072 3178 sine
1102 3114 1170 3179 nlla
1199 3118 1386 3201 exceptione

135 3277 137 3282 .
213 3222 350 3302 scriptas
372 3216 517 3282 videmus
540 3216 699 3300 pleniores
720 3215 774 3280 vel
796 3215 977 3296 distractas,
1002 3237 1084 3298 quas
1110 3238 1194 3284 nune
1221 3241 1263 3283 ex
1291 3220 1386 3284 omni·

214 3323 273 3386 bus
295 3320 419 3404 idylliis
441 3320 629 3402 colligamus
652 3316 827 3400 ordineque
849 3336 1088 3401 componamus:

692 3489 756 3553 Sin
789 3488 909 3552 ularis

213 3615 313 3677 Nom.
336 3608 401 3675 ἐών
423 3612 464 3690 II,
483 3611 551 3674 119.
574 3609 661 3686 VIII,
677 3611 718 3672 cr
730 3509 805 3690 ΘΞ).
827 3608 884 3689 XI,
899 3610 949 3672 34.
971 3610 1077 3691 XXII,
1094 3611 1164 3674 153.
1186 3612 1309 3693 XXIV,
1322 3615 1387 3678 102.

417 3713 517 3796 epigr.
532 3712 589 3791 XI,
605 3713 625 3776 6
648 3711 749 3794 (Bion.
766 3710 790 3791 I,
805 3710 869 3793 61).

365 3812 505 3897 παρεών
526 3814 618 3893 xm,
633 3815 683 3878 oo.
707 3849 745 3858 -
770 3811 862 3876 sowa
884 3812 926 3894 11,
941 3815 983 3876 oc
1006 3814 1137 3896 (nosen.
1158 3816 1183 3896 1,
1202 3818 1266 3897 23).
1312 3803 1389 3882 stoa

367 3917 622 4103 (ὲοὲοαγῖἦοοοὴ.
636 4017 680 4100 II,
693 4015 759 4101 45).

213 4144 418 4154 ——-————-

299 4210 321 4276 ¹)
339 4205 380 4262 ef.
399 4201 553 4259 Sohsefen
909 4202 943 4270 tt,
959 4203 1006 4266 ²¹3
1029 4201 1234 4259 Wnestemunn.
1253 4207 1290 4260 sd
1307 4225 1333 4260 v.
1347 4212 1390 4260 20:

214 4296 489 4360 ίΜίιοὶιοοοοοῒψ
909 4287 1089 4357 metim
1097 4289 1390 4358 regnlnsrevocende'.
