2866 4822
555 1191 723 1322 Caput
757 1195 793 1294 Ι.

468 1381 525 1452 Dc
553 1381 713 1453 carmine
742 1388 880 1454 octavo.

174 1547 368 1632 Incipiamus
391 1549 432 1612 ab
456 1547 569 1631 idyltio
585 1553 698 1614 octavo
715 1547 800 1632 quod
815 1550 999 1615 inscribitur
1014 1553 1264 1616 Βουκολιαοταὶ

88 1649 215 1730 Δάφνις
237 1651 293 1713 καὶ
316 1644 509 1732 Maedicae,
539 1651 581 1715 de
611 1671 673 1734 quo
704 1658 811 1716 tamen
841 1652 935 1717 titulo
966 1658 1041 1737 apte
1070 1660 1185 1737 postea
1211 1653 1263 1739 (cf.

86 1775 156 1838 cap.
173 1755 236 1836 ΙΙΙ)
252 1752 403 1818 dicemus.
427 1754 560 1818 Carmen
573 1760 679 1818 autem
692 1755 796 1838 ipsum
812 1754 977 1820 exorditur
993 1757 1035 1820 ab
1050 1756 1102 1822 his
1118 1757 1263 1822 versibus

87 1855 243 1940 (1-5)1):

197 1995 223 2057 1.
247 1989 388 2073 Δάφνιδι
411 1995 460 2076 τῴ
481 1993 629 2075 χαρίεντι
652 1990 834 2079 συνήντετο
858 1996 1080 2072 βουκολέοντι

243 2098 333 2178 μάλα
355 2095 475 2178 νέμων,
498 2093 544 2171 ὠς
566 2096 677 2176 φαντί,
700 2085 773 2159 κατ’
790 2090 880 2177 α’άρεα
901 2093 1012 2179 μακρά
1027 2095 1214 2174 Μενάλκας.

248 2192 348 2280 άμφοο
372 2190 452 2280 τώγ’
467 2192 573 2282 τ’,ὀτην
595 2198 821 2281 πυρροτρὶχοο,
846 2193 946 2281 άμφιο
969 2191 1095 2279 άνάβον,

246 2292 345 2383 άμφιο
369 2300 526 2397 ουρίοδεν
548 2301 749 2384 δεδαημένον,
773 2295 873 2383 άμφοι
897 2293 1015 2366 deidei).

196 2405 223 2467 5.
247 2405 380 2484 κράτος.
397 2394 477 2466 δ’άιν
499 2402 579 2466 ποτὶ
602 2399 731 2483 Δάφνιν
755 2400 837 2468 idedu
860 2395 998 2487 άγόριυε
1021 2400 1206 2481 Μενάλκας.

174 2540 233 2604 Cui
255 2539 388 2605 exordio
411 2539 588 2605 similitudo
604 2539 763 2623 quaedam
786 2545 836 2606 est
851 2561 998 2606 versuum
1015 2542 1263 2608 conformatione

84 2665 156 2709 cum
192 2644 278 2708 sexti
316 2643 465 2708 carminis
502 2644 679 2726 prooemio,
717 2643 803 2726 quod
837 2645 1041 2728 comparandi
1076 2665 1174 2711 causa
1205 2645 1263 2710 ad-

85 2746 279 2811 scribamus:

196 2868 222 2928 1.
245 2864 410 2946 Δαμοίτας
430 2862 626 2955 pertriduum
649 2853 667 2928 ὁ
691 2862 858 2944 βουκόλος
881 2865 927 2941 εἰς
949 2861 1007 2930 ἕνα
1027 2869 1141 2948 χῶρον

245 2956 308 3030 τάνΙ
331 2958 456 3048 άγέλαν
479 2960 674 3050 κάκ’ΪΔρατε
691 2965 890 3052 συνάγαγον.
913 2961 950 3054 ἧς
967 2958 1023 3032 δ’ὁ
1046 2969 1106 3052 μὲν
1123 2959 1237 3033 αὐτῶν

245 3067 383 3151 πυρρός,
408 3063 426 3132 ὁ
450 3060 673 3156 δ’ἡμιγένειος
687 3091 692 3102 ·
708 3069 762 3134 ἐπὶ
785 3068 915 3152 κράναν
937 3071 974 3136 δέ
995 3064 1059 3135 τιν’
1082 3062 1182 3154 άμφαι

245 3167 396 3253 ἑζόμενοι
419 3172 539 3254 θέρεος
560 3172 651 3256 μέοφ
676 3164 773 3254 άματι
796 3164 905 3237 τοιάδ)
921 3165 1043 3237 άειδον.

194 3276 221 3338 5.
244 3271 373 3356 ιῐρᾶτος
397 3267 425 3338 δ’
441 3269 565 3357 ἄρξατο
589 3271 723 3356 Δάφνις,
747 3274 819 3339 ἐπεὶ
842 3276 898 3338 καὶ
920 3278 1050 3358 κράτος
1074 3270 1211 3359 ἔριοδεν.

172 3410 350 3494 Utrumque
380 3412 463 3475 enim
494 3411 689 3494 prooemium
717 3432 778 3476 non
809 3411 911 3476 solum
941 3410 1078 3476 eundem
1107 3411 1262 3476 ambitum

84 3513 217 3592 habere,
248 3512 305 3577 sed
336 3514 434 3577 etiam
464 3533 535 3578 cum
565 3513 667 3578 altero
699 3514 879 3597 conspirare
902 3515 1070 3579 sententiis
1092 3514 1263 3597 verbisque

85 3615 138 3679 vel
161 3613 277 3679 iisdem
306 3614 373 3680 fere
405 3615 457 3679 vel
485 3615 632 3680 similiter
655 3614 801 3681 formatis
823 3617 879 3698 ita,
908 3620 944 3680 ut
972 3616 1005 3680 in
1035 3621 1169 3700 utroque
1198 3636 1262 3680 una

85 3716 264 3800 eademque
287 3738 392 3782 rerum
415 3717 559 3783 condicio
587 3717 794 3801 depingatur,
822 3719 893 3801 quis
920 3722 969 3783 est
995 3719 1071 3802 quin
1094 3718 1261 3800 viderit?²)

84 3822 193 3904 Atque
216 3841 321 3885 rerum
344 3820 561 3886 condicionem
585 3823 786 3905 agnoscimus
808 3823 902 3887 hano:
934 3821 997 3887 duo
1019 3828 1178 3906 pastores,
1206 3821 1261 3904 qui

84 3924 287 3988 nominantur
310 3925 457 4008 Daphnis
485 3929 517 3989 et
540 3926 714 3989 Damoetas
744 3925 776 3989 in
806 3932 898 3990 sexto
928 3924 1056 4008 idyllio,
1084 3926 1116 3988 in
1148 3930 1261 3990 octavo

172 4112 192 4180 ¹)
211 4107 257 4164 Ad
275 4110 436 4166 scribendos
448 4127 543 4165 versus
556 4111 736 4166 Theocriteos
754 4111 855 4181 ubique
868 4111 983 4181 Ziegleri
996 4112 1060 4166 edit.
1073 4111 1123 4179 111,
1142 4111 1261 4180 Tubing.

85 4196 326 4350 1879'dddddddus
343 4280 467 4349 Brinker,
490 4281 525 4335 de
544 4281 684 4335 Theocriti
701 4282 759 4335 vita
777 4281 992 4351 carminibusque
1010 4281 1170 4348 subditicio,
1195 4280 1260 4335 diss.

87 4366 223 4422 Rostoch.
245 4369 318 4436 1884,
336 4383 364 4435 p.
378 4370 409 4421 23
427 4367 498 4420 hanc
515 4382 572 4420 rem
591 4366 680 4421 obiter
697 4367 861 4435 perstrinxit.
