<?xml version="1.0" encoding="UTF-8"?>
<!DOCTYPE html PUBLIC "-//W3C//DTD XHTML 1.0 Transitional//EN"
    "http://www.w3.org/TR/xhtml1/DTD/xhtml1-transitional.dtd">
<html xmlns="http://www.w3.org/1999/xhtml" xml:lang="en" lang="en">
 <head>
  <title>
</title>
<meta http-equiv="Content-Type" content="text/html;charset=utf-8" />
  <meta name='ocr-system' content='tesseract 3.04.00' />
  <meta name='ocr-capabilities' content='ocr_page ocr_carea ocr_par ocr_line ocrx_word'/>
</head>
<body>
  <div class='ocr_page' id='page_1' title='image "./theocritiidylli00kattgoog_0107.png"; bbox 0 0 2866 4822; ppageno 0'>
   <div class='ocr_carea' id='block_1_1' title="bbox 127 254 168 318">
    <p class='ocr_par' dir='ltr' id='par_1_1' title="bbox 127 254 168 318">
     <span class='ocr_line' id='line_1_1' title="bbox 127 254 168 318; baseline 0.024 -1"><span class='ocrx_word' id='word_1_1' title='bbox 127 254 168 318; x_wconf 87' lang='lat'><strong>80</strong></span> 
     </span>
    </p>
   </div>
   <div class='ocr_carea' id='block_1_2' title="bbox 126 424 1308 1438">
    <p class='ocr_par' dir='ltr' id='par_1_2' title="bbox 126 424 1308 1438">
     <span class='ocr_line' id='line_1_2' title="bbox 127 424 1308 510; baseline 0.001 -21"><span class='ocrx_word' id='word_1_2' title='bbox 127 425 307 508; x_wconf 90' lang='lat' dir='ltr'><strong>suspicatus</strong></span> <span class='ocrx_word' id='word_1_3' title='bbox 330 429 379 488; x_wconf 89' lang='lat' dir='ltr'><strong>est</strong></span> <span class='ocrx_word' id='word_1_4' title='bbox 401 424 650 508; x_wconf 73' lang='lat' dir='ltr'>amplectamur?</span> <span class='ocrx_word' id='word_1_5' title='bbox 677 425 781 508; x_wconf 80' lang='lat' dir='ltr'><strong>Atque</strong></span> <span class='ocrx_word' id='word_1_6' title='bbox 805 425 901 491; x_wconf 89' lang='lat' dir='ltr'><strong>etiam</strong></span> <span class='ocrx_word' id='word_1_7' title='bbox 925 426 1119 510; x_wconf 89' lang='lat' dir='ltr'><strong>ineptiarum</strong></span> <span class='ocrx_word' id='word_1_8' title='bbox 1143 426 1308 492; x_wconf 91' lang='lat' dir='ltr'><strong>cumulum</strong></span> 
     </span>
     <span class='ocr_line' id='line_1_3' title="bbox 127 527 1307 613; baseline 0.003 -23"><span class='ocrx_word' id='word_1_9' title='bbox 127 527 177 592; x_wconf 91' lang='lat' dir='ltr'><strong>his</strong></span> <span class='ocrx_word' id='word_1_10' title='bbox 193 527 339 592; x_wconf 90' lang='lat' dir='ltr'><strong>versibus</strong></span> <span class='ocrx_word' id='word_1_11' title='bbox 361 528 524 592; x_wconf 73' lang='lat' dir='ltr'><strong>attulisset</strong></span> <span class='ocrx_word' id='word_1_12' title='bbox 546 529 765 612; x_wconf 80' lang='lat' dir='ltr'><strong>interpolator,</strong></span> <span class='ocrx_word' id='word_1_13' title='bbox 788 529 815 592; x_wconf 92' lang='lat' dir='ltr'><strong>si</strong></span> <span class='ocrx_word' id='word_1_14' title='bbox 835 528 870 592; x_wconf 95' lang='lat' dir='ltr'><strong>id</strong></span> <span class='ocrx_word' id='word_1_15' title='bbox 885 529 972 612; x_wconf 93' lang='lat' dir='ltr'><strong>quod</strong></span> <span class='ocrx_word' id='word_1_16' title='bbox 987 534 1120 613; x_wconf 89' lang='lat' dir='ltr'><strong>putatur</strong></span> <span class='ocrx_word' id='word_1_17' title='bbox 1136 530 1307 594; x_wconf 90' lang='lat' dir='ltr'><strong>eonsilium</strong></span> 
     </span>
     <span class='ocr_line' id='line_1_4' title="bbox 126 629 1307 714; baseline 0.002 -20"><span class='ocrx_word' id='word_1_18' title='bbox 126 629 302 710; x_wconf 81' lang='lat' dir='ltr'><strong>habuisset,</strong></span> <span class='ocrx_word' id='word_1_19' title='bbox 324 633 541 694; x_wconf 85' lang='lat' dir='ltr'><strong>verumtamen</strong></span> <span class='ocrx_word' id='word_1_20' title='bbox 564 629 788 714; x_wconf 88' lang='lat' dir='ltr'><strong>adscripsisset</strong></span> <span class='ocrx_word' id='word_1_21' title='bbox 810 650 936 696; x_wconf 89' lang='lat' dir='ltr'><strong>versum</strong></span> <span class='ocrx_word' id='word_1_22' title='bbox 957 633 1006 713; x_wconf 87' lang='grc'><strong>30,</strong></span> <span class='ocrx_word' id='word_1_23' title='bbox 1029 633 1119 697; x_wconf 90' lang='lat' dir='ltr'><strong>ouius</strong></span> <span class='ocrx_word' id='word_1_24' title='bbox 1143 633 1307 697; x_wconf 86' lang='lat' dir='ltr'><strong>sententia</strong></span> 
     </span>
     <span class='ocr_line' id='line_1_5' title="bbox 127 731 1305 818; baseline 0.003 -22"><span class='ocrx_word' id='word_1_25' title='bbox 127 752 189 815; x_wconf 91' lang='lat' dir='ltr'><strong>quo</strong></span> <span class='ocrx_word' id='word_1_26' title='bbox 212 736 336 816; x_wconf 89' lang='lat' dir='ltr'><strong>spectet</strong></span> <span class='ocrx_word' id='word_1_27' title='bbox 357 731 501 815; x_wconf 84' lang='lat' dir='ltr'><strong>proiecto</strong></span> <span class='ocrx_word' id='word_1_28' title='bbox 524 753 615 796; x_wconf 91' lang='lat' dir='ltr'><strong>nemo</strong></span> <span class='ocrx_word' id='word_1_29' title='bbox 630 733 712 797; x_wconf 88' lang='lat' dir='ltr'><strong>haec</strong></span> <span class='ocrx_word' id='word_1_30' title='bbox 731 733 842 816; x_wconf 82' lang='lat' dir='ltr'><strong>legens</strong></span> <span class='ocrx_word' id='word_1_31' title='bbox 863 734 1025 817; x_wconf 84' lang='lat' dir='ltr'><strong>explicare</strong></span> <span class='ocrx_word' id='word_1_32' title='bbox 1045 735 1158 818; x_wconf 91' lang='lat' dir='ltr'><strong>possit.</strong></span> <span class='ocrx_word' id='word_1_33' title='bbox 1191 735 1305 817; x_wconf 87' lang='lat' dir='ltr'><strong>Neque</strong></span> 
     </span>
     <span class='ocr_line' id='line_1_6' title="bbox 127 834 1304 920; baseline 0.003 -22"><span class='ocrx_word' id='word_1_34' title='bbox 127 834 257 898; x_wconf 87' lang='lat' dir='ltr'><strong>eredere</strong></span> <span class='ocrx_word' id='word_1_35' title='bbox 280 853 445 917; x_wconf 90' lang='lat' dir='ltr'><strong>possumus</strong></span> <span class='ocrx_word' id='word_1_36' title='bbox 476 834 735 918; x_wconf 86' lang='lat' dir='ltr'><strong>interpolatorem</strong></span> <span class='ocrx_word' id='word_1_37' title='bbox 766 840 832 899; x_wconf 89' lang='lat' dir='ltr'><strong>tam</strong></span> <span class='ocrx_word' id='word_1_38' title='bbox 863 841 1028 920; x_wconf 88' lang='lat' dir='ltr'><strong>expertem</strong></span> <span class='ocrx_word' id='word_1_39' title='bbox 1058 837 1159 901; x_wconf 86' lang='lat' dir='ltr'><strong>fuisse</strong></span> <span class='ocrx_word' id='word_1_40' title='bbox 1189 839 1304 902; x_wconf 90' lang='lat' dir='ltr'><strong>mentis</strong></span> 
     </span>
     <span class='ocr_line' id='line_1_7' title="bbox 127 936 1303 1022; baseline 0 -19"><span class='ocrx_word' id='word_1_41' title='bbox 127 958 165 1003; x_wconf 89' lang='lat' dir='ltr'><strong>ao</strong></span> <span class='ocrx_word' id='word_1_42' title='bbox 187 937 329 1018; x_wconf 87' lang='lat' dir='ltr'><strong>rationis,</strong></span> <span class='ocrx_word' id='word_1_43' title='bbox 352 941 387 1000; x_wconf 92' lang='lat' dir='ltr'><strong>ut</strong></span> <span class='ocrx_word' id='word_1_44' title='bbox 409 936 475 1000; x_wconf 87' lang='lat' dir='ltr'><strong>tale</strong></span> <span class='ocrx_word' id='word_1_45' title='bbox 498 938 664 1002; x_wconf 89' lang='lat' dir='ltr'><strong>consilium</strong></span> <span class='ocrx_word' id='word_1_46' title='bbox 680 938 788 1003; x_wconf 83' lang='lat' dir='ltr'><strong>verbis</strong></span> <span class='ocrx_word' id='word_1_47' title='bbox 811 939 1045 1004; x_wconf 90' lang='lat' dir='ltr'><strong>obscurissimis</strong></span> <span class='ocrx_word' id='word_1_48' title='bbox 1064 944 1303 1022; x_wconf 85' lang='lat' dir='ltr'><strong>exsequeretur.</strong></span> 
     </span>
     <span class='ocr_line' id='line_1_8' title="bbox 126 1038 1302 1122; baseline 0 -17"><span class='ocrx_word' id='word_1_49' title='bbox 126 1038 192 1105; x_wconf 86' lang='lat' dir='ltr'><strong>Sed</strong></span> <span class='ocrx_word' id='word_1_50' title='bbox 225 1059 295 1104; x_wconf 89' lang='lat' dir='ltr'><strong>cum</strong></span> <span class='ocrx_word' id='word_1_51' title='bbox 329 1040 518 1122; x_wconf 88' lang='lat' dir='ltr'><strong>interpretes</strong></span> <span class='ocrx_word' id='word_1_52' title='bbox 552 1040 695 1103; x_wconf 92' lang='lat' dir='ltr'><strong>nonnulli</strong></span> <span class='ocrx_word' id='word_1_53' title='bbox 726 1039 768 1104; x_wconf 87' lang='lat' dir='ltr'><strong>ad</strong></span> <span class='ocrx_word' id='word_1_54' title='bbox 798 1040 970 1105; x_wconf 88' lang='lat' dir='ltr'><strong>eruendam</strong></span> <span class='ocrx_word' id='word_1_55' title='bbox 1001 1060 1112 1107; x_wconf 87' lang='lat' dir='ltr'><strong>versus</strong></span> <span class='ocrx_word' id='word_1_56' title='bbox 1147 1042 1302 1106; x_wconf 90' lang='lat' dir='ltr'><strong>rationem</strong></span> 
     </span>
     <span class='ocr_line' id='line_1_9' title="bbox 127 1141 1301 1226; baseline 0.001 -19"><span class='ocrx_word' id='word_1_57' title='bbox 127 1141 304 1207; x_wconf 87' lang='lat' dir='ltr'><strong>adhibeant</strong></span> <span class='ocrx_word' id='word_1_58' title='bbox 327 1146 414 1205; x_wconf 91' lang='lat' dir='ltr'><strong>artes</strong></span> <span class='ocrx_word' id='word_1_59' title='bbox 436 1142 533 1206; x_wconf 86' lang='lat' dir='ltr'><strong>miras</strong></span> <span class='ocrx_word' id='word_1_60' title='bbox 556 1147 589 1206; x_wconf 93' lang='lat' dir='ltr'><strong>et</strong></span> <span class='ocrx_word' id='word_1_61' title='bbox 611 1143 893 1226; x_wconf 89' lang='lat' dir='ltr'><strong>interpretationes</strong></span> <span class='ocrx_word' id='word_1_62' title='bbox 916 1143 1131 1226; x_wconf 82' lang='lat' dir='ltr'><strong>incredibiles,</strong></span> <span class='ocrx_word' id='word_1_63' title='bbox 1155 1164 1213 1209; x_wconf 89' lang='lat' dir='ltr'><strong>our</strong></span> <span class='ocrx_word' id='word_1_64' title='bbox 1235 1149 1301 1208; x_wconf 89' lang='lat' dir='ltr'><strong>tau·</strong></span> 
     </span>
     <span class='ocr_line' id='line_1_10' title="bbox 127 1243 1301 1330; baseline 0.001 -22"><span class='ocrx_word' id='word_1_65' title='bbox 127 1244 200 1308; x_wconf 90' lang='lat' dir='ltr'><strong>dem</strong></span> <span class='ocrx_word' id='word_1_66' title='bbox 233 1244 396 1328; x_wconf 85' lang='lat' dir='ltr'><strong>explicare</strong></span> <span class='ocrx_word' id='word_1_67' title='bbox 430 1243 607 1326; x_wconf 89' lang='lat' dir='ltr'><strong>studemus,</strong></span> <span class='ocrx_word' id='word_1_68' title='bbox 643 1243 727 1326; x_wconf 91' lang='lat' dir='ltr'><strong>quod</strong></span> <span class='ocrx_word' id='word_1_69' title='bbox 761 1246 916 1329; x_wconf 84' lang='lat' dir='ltr'><strong>explicari</strong></span> <span class='ocrx_word' id='word_1_70' title='bbox 950 1246 1139 1330; x_wconf 90' lang='lat' dir='ltr'><strong>simpliciter</strong></span> <span class='ocrx_word' id='word_1_71' title='bbox 1174 1247 1301 1330; x_wconf 82' lang='lat' dir='ltr'><strong>nequit?</strong></span> 
     </span>
     <span class='ocr_line' id='line_1_11' title="bbox 131 1345 1299 1438; baseline 0.001 -28"><span class='ocrx_word' id='word_1_72' title='bbox 131 1348 235 1438; x_wconf 78' lang='lat' dir='ltr'><strong>Longe</strong></span> <span class='ocrx_word' id='word_1_73' title='bbox 257 1347 353 1410; x_wconf 90' lang='lat' dir='ltr'><strong>aliter</strong></span> <span class='ocrx_word' id='word_1_74' title='bbox 375 1366 425 1410; x_wconf 90' lang='lat' dir='ltr'><strong>res</strong></span> <span class='ocrx_word' id='word_1_75' title='bbox 447 1365 482 1410; x_wconf 91' lang='lat' dir='ltr'><strong>se</strong></span> <span class='ocrx_word' id='word_1_76' title='bbox 504 1345 605 1410; x_wconf 88' lang='lat' dir='ltr'><strong>habet</strong></span> <span class='ocrx_word' id='word_1_77' title='bbox 626 1352 724 1428; x_wconf 89' lang='lat' dir='ltr'><strong>atque</strong></span> <span class='ocrx_word' id='word_1_78' title='bbox 748 1346 854 1413; x_wconf 86' lang='lat' dir='ltr'><strong>adhue</strong></span> <span class='ocrx_word' id='word_1_79' title='bbox 877 1351 1074 1431; x_wconf 90' lang='lat' dir='ltr'><strong>putaverunt</strong></span> <span class='ocrx_word' id='word_1_80' title='bbox 1093 1349 1155 1414; x_wconf 89' lang='lat' dir='ltr'><strong>viri</strong></span> <span class='ocrx_word' id='word_1_81' title='bbox 1179 1347 1267 1414; x_wconf 89' lang='lat' dir='ltr'><strong>docti</strong></span> <span class='ocrx_word' id='word_1_82' title='bbox 1276 1349 1299 1428; x_wconf 80' lang='lat'><strong>¹).</strong></span> 
     </span>
    </p>
   </div>
   <div class='ocr_carea' id='block_1_3' title="bbox 127 1464 1298 2265">
    <p class='ocr_par' dir='ltr' id='par_1_3' title="bbox 127 1464 1298 2265">
     <span class='ocr_line' id='line_1_12' title="bbox 213 1464 1298 1552; baseline 0.002 -22"><span class='ocrx_word' id='word_1_83' title='bbox 213 1464 422 1530; x_wconf 77' lang='lat' dir='ltr'><strong>Considerate</strong></span> <span class='ocrx_word' id='word_1_84' title='bbox 454 1465 553 1547; x_wconf 83' lang='lat' dir='ltr'><strong>igitur</strong></span> <span class='ocrx_word' id='word_1_85' title='bbox 586 1485 709 1529; x_wconf 88' lang='lat' dir='ltr'><strong>meeum</strong></span> <span class='ocrx_word' id='word_1_86' title='bbox 742 1466 800 1531; x_wconf 95' lang='lat' dir='ltr'><strong>hos</strong></span> <span class='ocrx_word' id='word_1_87' title='bbox 834 1486 953 1532; x_wconf 89' lang='lat' dir='ltr'><strong>versus.</strong></span> <span class='ocrx_word' id='word_1_88' title='bbox 1004 1468 1146 1531; x_wconf 89' lang='lat' dir='ltr'><strong>Primum</strong></span> <span class='ocrx_word' id='word_1_89' title='bbox 1180 1489 1239 1552; x_wconf 91' lang='lat' dir='ltr'><strong>pro</strong></span> <span class='ocrx_word' id='word_1_90' title='bbox 1271 1489 1298 1532; x_wconf 90' lang='lat' dir='ltr'><strong>re</strong></span> 
     </span>
     <span class='ocr_line' id='line_1_13' title="bbox 128 1568 1298 1654; baseline 0 -21"><span class='ocrx_word' id='word_1_91' title='bbox 128 1575 290 1652; x_wconf 88' lang='lat' dir='ltr'><strong>comperta</strong></span> <span class='ocrx_word' id='word_1_92' title='bbox 312 1568 467 1632; x_wconf 86' lang='lat' dir='ltr'><strong>habemus</strong></span> <span class='ocrx_word' id='word_1_93' title='bbox 489 1588 593 1650; x_wconf 91' lang='lat' dir='ltr'><strong>neque</strong></span> <span class='ocrx_word' id='word_1_94' title='bbox 616 1569 784 1650; x_wconf 88' lang='lat' dir='ltr'><strong>quisquam</strong></span> <span class='ocrx_word' id='word_1_95' title='bbox 808 1570 942 1652; x_wconf 83' lang='lat' dir='ltr'><strong>negabit</strong></span> <span class='ocrx_word' id='word_1_96' title='bbox 963 1569 1051 1633; x_wconf 85' lang='lat' dir='ltr'><strong>illam</strong></span> <span class='ocrx_word' id='word_1_97' title='bbox 1068 1571 1298 1654; x_wconf 86' lang='lat' dir='ltr'><strong>perorationem</strong></span> 
     </span>
     <span class='ocr_line' id='line_1_14' title="bbox 128 1671 1296 1738; baseline -0.001 -2"><span class='ocrx_word' id='word_1_98' title='bbox 128 1673 276 1736; x_wconf 88' lang='lat' dir='ltr'><strong>earminis</strong></span> <span class='ocrx_word' id='word_1_99' title='bbox 299 1691 356 1735; x_wconf 89' lang='lat' dir='ltr'><strong>neo</strong></span> <span class='ocrx_word' id='word_1_100' title='bbox 372 1671 540 1735; x_wconf 89' lang='lat' dir='ltr'><strong>verborum</strong></span> <span class='ocrx_word' id='word_1_101' title='bbox 562 1690 620 1734; x_wconf 91' lang='lat' dir='ltr'><strong>nec</strong></span> <span class='ocrx_word' id='word_1_102' title='bbox 643 1672 873 1735; x_wconf 87' lang='lat' dir='ltr'><strong>sententiarum</strong></span> <span class='ocrx_word' id='word_1_103' title='bbox 889 1673 1015 1738; x_wconf 90' lang='lat' dir='ltr'><strong>viuculo</strong></span> <span class='ocrx_word' id='word_1_104' title='bbox 1035 1673 1212 1738; x_wconf 87' lang='lat' dir='ltr'><strong>cohaerere</strong></span> <span class='ocrx_word' id='word_1_105' title='bbox 1235 1694 1296 1737; x_wconf 92' lang='lat' dir='ltr'><strong>cum</strong></span> 
     </span>
     <span class='ocr_line' id='line_1_15' title="bbox 128 1771 1297 1859; baseline 0.001 -21"><span class='ocrx_word' id='word_1_106' title='bbox 128 1773 338 1838; x_wconf 80' lang='lat' dir='ltr'><strong>antecedente</strong></span> <span class='ocrx_word' id='word_1_107' title='bbox 361 1771 484 1856; x_wconf 90' lang='lat' dir='ltr'><strong>idyllio,</strong></span> <span class='ocrx_word' id='word_1_108' title='bbox 513 1776 549 1836; x_wconf 91' lang='lat' dir='ltr'><strong>ut</strong></span> <span class='ocrx_word' id='word_1_109' title='bbox 575 1772 643 1836; x_wconf 92' lang='lat' dir='ltr'><strong>sine</strong></span> <span class='ocrx_word' id='word_1_110' title='bbox 674 1773 740 1836; x_wconf 86' lang='lat' dir='ltr'><strong>ulla</strong></span> <span class='ocrx_word' id='word_1_111' title='bbox 770 1773 944 1838; x_wconf 87' lang='lat' dir='ltr'><strong>offensione</strong></span> <span class='ocrx_word' id='word_1_112' title='bbox 974 1779 1032 1838; x_wconf 89' lang='lat' dir='ltr'><strong>aut</strong></span> <span class='ocrx_word' id='word_1_113' title='bbox 1059 1776 1297 1859; x_wconf 89' lang='lat' dir='ltr'><strong>perturbatione</strong></span> 
     </span>
     <span class='ocr_line' id='line_1_16' title="bbox 128 1874 1297 1960; baseline 0 -21"><span class='ocrx_word' id='word_1_114' title='bbox 128 1896 167 1939; x_wconf 89' lang='lat' dir='ltr'><strong>ea</strong></span> <span class='ocrx_word' id='word_1_115' title='bbox 189 1875 289 1958; x_wconf 92' lang='lat' dir='ltr'><strong>possit</strong></span> <span class='ocrx_word' id='word_1_116' title='bbox 312 1875 433 1938; x_wconf 86' lang='lat' dir='ltr'><strong>abesse.</strong></span> <span class='ocrx_word' id='word_1_117' title='bbox 477 1874 549 1951; x_wconf 83' lang='lat' dir='ltr'><strong>Qua</strong></span> <span class='ocrx_word' id='word_1_118' title='bbox 571 1894 612 1937; x_wconf 82' lang='lat' dir='ltr'><strong>ex</strong></span> <span class='ocrx_word' id='word_1_119' title='bbox 634 1893 668 1937; x_wconf 90' lang='lat' dir='ltr'><strong>re</strong></span> <span class='ocrx_word' id='word_1_120' title='bbox 691 1876 871 1939; x_wconf 88' lang='lat' dir='ltr'><strong>necessario</strong></span> <span class='ocrx_word' id='word_1_121' title='bbox 899 1875 1037 1940; x_wconf 81' lang='lat' dir='ltr'><strong>efficitur</strong></span> <span class='ocrx_word' id='word_1_122' title='bbox 1063 1877 1223 1960; x_wconf 91' lang='lat' dir='ltr'><strong>principio</strong></span> <span class='ocrx_word' id='word_1_123' title='bbox 1251 1895 1297 1940; x_wconf 90' lang='lat' dir='ltr'><strong>eos</strong></span> 
     </span>
     <span class='ocr_line' id='line_1_17' title="bbox 127 1975 1296 2062; baseline -0.003 -19"><span class='ocrx_word' id='word_1_124' title='bbox 127 1996 239 2043; x_wconf 86' lang='lat' dir='ltr'><strong>versus</strong></span> <span class='ocrx_word' id='word_1_125' title='bbox 272 1997 335 2040; x_wconf 95' lang='lat' dir='ltr'><strong>non</strong></span> <span class='ocrx_word' id='word_1_126' title='bbox 368 1975 410 2040; x_wconf 85' lang='lat' dir='ltr'><strong>ad</strong></span> <span class='ocrx_word' id='word_1_127' title='bbox 444 1980 664 2057; x_wconf 78' lang='lat' dir='ltr'><strong>argumentum</strong></span> <span class='ocrx_word' id='word_1_128' title='bbox 698 1980 754 2040; x_wconf 89' lang='lat' dir='ltr'><strong>aut</strong></span> <span class='ocrx_word' id='word_1_129' title='bbox 787 1975 1030 2060; x_wconf 89' lang='lat' dir='ltr'><strong>dispositionem</strong></span> <span class='ocrx_word' id='word_1_130' title='bbox 1065 1977 1162 2043; x_wconf 92' lang='lat' dir='ltr'><strong>huius</strong></span> <span class='ocrx_word' id='word_1_131' title='bbox 1197 1977 1296 2062; x_wconf 91' lang='lat' dir='ltr'><strong>idyllii</strong></span> 
     </span>
     <span class='ocr_line' id='line_1_18' title="bbox 127 2078 1296 2165; baseline -0.002 -20"><span class='ocrx_word' id='word_1_132' title='bbox 127 2081 262 2163; x_wconf 88' lang='lat' dir='ltr'><strong>scriptos</strong></span> <span class='ocrx_word' id='word_1_133' title='bbox 286 2098 364 2144; x_wconf 87' lang='lat' dir='ltr'><strong>esse.</strong></span> <span class='ocrx_word' id='word_1_134' title='bbox 387 2116 427 2124; x_wconf 91' lang='lat'>—</span> <span class='ocrx_word' id='word_1_135' title='bbox 451 2079 519 2142; x_wconf 89' lang='lat' dir='ltr'><strong>Iam</strong></span> <span class='ocrx_word' id='word_1_136' title='bbox 542 2078 564 2141; x_wconf 95' lang='lat' dir='ltr'><strong>ii</strong></span> <span class='ocrx_word' id='word_1_137' title='bbox 587 2097 697 2143; x_wconf 84' lang='lat' dir='ltr'><strong>versus</strong></span> <span class='ocrx_word' id='word_1_138' title='bbox 720 2099 777 2161; x_wconf 88' lang='lat' dir='ltr'><strong>per</strong></span> <span class='ocrx_word' id='word_1_139' title='bbox 803 2099 837 2143; x_wconf 89' lang='lat' dir='ltr'><strong>se</strong></span> <span class='ocrx_word' id='word_1_140' title='bbox 867 2080 1004 2162; x_wconf 88' lang='lat' dir='ltr'><strong>spectati</strong></span> <span class='ocrx_word' id='word_1_141' title='bbox 1035 2080 1067 2143; x_wconf 90' lang='lat' dir='ltr'><strong>in</strong></span> <span class='ocrx_word' id='word_1_142' title='bbox 1098 2084 1165 2146; x_wconf 89' lang='lat' dir='ltr'><strong>tres</strong></span> <span class='ocrx_word' id='word_1_143' title='bbox 1195 2086 1296 2165; x_wconf 89' lang='lat' dir='ltr'><strong>partes</strong></span> 
     </span>
     <span class='ocr_line' id='line_1_19' title="bbox 128 2180 1296 2265; baseline -0.002 -18"><span class='ocrx_word' id='word_1_144' title='bbox 128 2181 231 2247; x_wconf 92' lang='lat' dir='ltr'><strong>dividi</strong></span> <span class='ocrx_word' id='word_1_145' title='bbox 263 2185 408 2265; x_wconf 91' lang='lat' dir='ltr'><strong>possunt:</strong></span> <span class='ocrx_word' id='word_1_146' title='bbox 441 2180 544 2263; x_wconf 88' lang='lat' dir='ltr'><strong>prima</strong></span> <span class='ocrx_word' id='word_1_147' title='bbox 577 2181 717 2245; x_wconf 91' lang='lat' dir='ltr'><strong>continet</strong></span> <span class='ocrx_word' id='word_1_148' title='bbox 750 2183 897 2262; x_wconf 83' lang='lat'><strong>28—29,</strong></span> <span class='ocrx_word' id='word_1_149' title='bbox 930 2183 1034 2247; x_wconf 87' lang='lat' dir='ltr'><strong>altera</strong></span> <span class='ocrx_word' id='word_1_150' title='bbox 1067 2204 1096 2247; x_wconf 89' lang='lat' dir='ltr'><strong>v.</strong></span> <span class='ocrx_word' id='word_1_151' title='bbox 1119 2185 1175 2265; x_wconf 85' lang='lat'><strong>30,</strong></span> <span class='ocrx_word' id='word_1_152' title='bbox 1208 2183 1296 2248; x_wconf 86' lang='lat' dir='ltr'><strong>tertia</strong></span> 
     </span>
    </p>
   </div>
   <div class='ocr_carea' id='block_1_4' title="bbox 127 2282 1296 2468">
    <p class='ocr_par' dir='ltr' id='par_1_4' title="bbox 127 2282 1296 2468">
     <span class='ocr_line' id='line_1_20' title="bbox 127 2282 1296 2368; baseline -0.002 -18"><span class='ocrx_word' id='word_1_153' title='bbox 127 2307 178 2351; x_wconf 85' lang='lat' dir='ltr'><strong>vv.</strong></span> <span class='ocrx_word' id='word_1_154' title='bbox 208 2285 361 2365; x_wconf 80' lang='lat'><strong>31-36,</strong></span> <span class='ocrx_word' id='word_1_155' title='bbox 402 2283 443 2347; x_wconf 92' lang='lat' dir='ltr'><strong>de</strong></span> <span class='ocrx_word' id='word_1_156' title='bbox 480 2283 595 2365; x_wconf 89' lang='lat' dir='ltr'><strong>quibus</strong></span> <span class='ocrx_word' id='word_1_157' title='bbox 633 2282 784 2367; x_wconf 92' lang='lat' dir='ltr'><strong>deinceps</strong></span> <span class='ocrx_word' id='word_1_158' title='bbox 821 2284 962 2349; x_wconf 87' lang='lat' dir='ltr'><strong>breviter</strong></span> <span class='ocrx_word' id='word_1_159' title='bbox 999 2284 1210 2368; x_wconf 90' lang='lat' dir='ltr'><strong>disputemus.</strong></span> <span class='ocrx_word' id='word_1_160' title='bbox 1265 2286 1296 2348; x_wconf 91' lang='lat' dir='ltr'><strong>ln</strong></span> 
     </span>
     <span class='ocr_line' id='line_1_21' title="bbox 127 2388 328 2468; baseline -0.01 -16"><span class='ocrx_word' id='word_1_161' title='bbox 127 2407 180 2452; x_wconf 92' lang='lat' dir='ltr'><strong>vv.</strong></span> <span class='ocrx_word' id='word_1_162' title='bbox 203 2388 253 2468; x_wconf 81' lang='lat'><strong>28,</strong></span> <span class='ocrx_word' id='word_1_163' title='bbox 275 2389 328 2451; x_wconf 82' lang='lat'><strong>29:</strong></span> 
     </span>
    </p>
   </div>
   <div class='ocr_carea' id='block_1_5' title="bbox 213 2512 1195 2707">
    <p class='ocr_par' dir='ltr' id='par_1_5' title="bbox 213 2512 1195 2707">
     <span class='ocr_line' id='line_1_22' title="bbox 213 2512 1195 2608; baseline 0 -22"><span class='ocrx_word' id='word_1_164' title='bbox 213 2520 418 2586; x_wconf 80' lang='grc' dir='ltr'><em>Βουκολικαὶ</em></span> <span class='ocrx_word' id='word_1_165' title='bbox 440 2524 564 2584; x_wconf 79' lang='grc' dir='ltr'><em>Μοῖσαι</em></span> <span class='ocrx_word' id='word_1_166' title='bbox 585 2516 674 2602; x_wconf 76' lang='grc' dir='ltr'><em>μάλα</em></span> <span class='ocrx_word' id='word_1_167' title='bbox 694 2520 835 2604; x_wconf 75' lang='grc' dir='ltr'><strong>χαίρετε,</strong></span> <span class='ocrx_word' id='word_1_168' title='bbox 858 2521 994 2601; x_wconf 79' lang='grc' dir='ltr'><em>φαίνετε</em></span> <span class='ocrx_word' id='word_1_169' title='bbox 1017 2512 1195 2608; x_wconf 59' lang='grc' dir='ltr'><strong>δ’(ρδάνῖ),</strong></span> 
     </span>
     <span class='ocr_line' id='line_1_23' title="bbox 213 2614 1044 2707; baseline 0 -20"><span class='ocrx_word' id='word_1_170' title='bbox 213 2619 276 2687; x_wconf 79' lang='grc' dir='ltr'><strong>τάν</strong></span> <span class='ocrx_word' id='word_1_171' title='bbox 297 2614 375 2687; x_wconf 76' lang='grc' dir='ltr'><em>ποτ’</em></span> <span class='ocrx_word' id='word_1_172' title='bbox 391 2618 456 2704; x_wconf 77' lang='grc' dir='ltr'><strong>ἐγώ</strong></span> <span class='ocrx_word' id='word_1_173' title='bbox 477 2623 618 2686; x_wconf 83' lang='grc' dir='ltr'><em>κείνοισι</em></span> <span class='ocrx_word' id='word_1_174' title='bbox 640 2619 761 2707; x_wconf 76' lang='grc' dir='ltr'><em>παρών</em></span> <span class='ocrx_word' id='word_1_175' title='bbox 784 2616 877 2687; x_wconf 79' lang='grc' dir='ltr'><em>ἇεισα</em></span> <span class='ocrx_word' id='word_1_176' title='bbox 899 2626 1044 2705; x_wconf 76' lang='grc' dir='ltr'><strong><em>νομεῦσι,</em></strong></span> 
     </span>
    </p>
   </div>
   <div class='ocr_carea' id='block_1_6' title="bbox 125 2758 1297 3968">
    <p class='ocr_par' dir='ltr' id='par_1_6' title="bbox 125 2758 1297 3968">
     <span class='ocr_line' id='line_1_24' title="bbox 128 2758 1295 2844; baseline -0.001 -19"><span class='ocrx_word' id='word_1_177' title='bbox 128 2765 289 2842; x_wconf 89' lang='lat' dir='ltr'><strong>utcunque</strong></span> <span class='ocrx_word' id='word_1_178' title='bbox 311 2758 465 2824; x_wconf 91' lang='lat' dir='ltr'><strong>lectiones</strong></span> <span class='ocrx_word' id='word_1_179' title='bbox 488 2759 521 2822; x_wconf 94' lang='lat' dir='ltr'><strong>in</strong></span> <span class='ocrx_word' id='word_1_180' title='bbox 545 2758 709 2824; x_wconf 87' lang='lat' dir='ltr'><strong>codicibus</strong></span> <span class='ocrx_word' id='word_1_181' title='bbox 732 2764 764 2823; x_wconf 92' lang='lat' dir='ltr'><strong>et</strong></span> <span class='ocrx_word' id='word_1_182' title='bbox 786 2760 819 2823; x_wconf 93' lang='lat' dir='ltr'><strong>in</strong></span> <span class='ocrx_word' id='word_1_183' title='bbox 842 2759 1038 2825; x_wconf 90' lang='lat' dir='ltr'><strong>editionibus</strong></span> <span class='ocrx_word' id='word_1_184' title='bbox 1057 2762 1234 2844; x_wconf 88' lang='lat' dir='ltr'><strong>variantur,</strong></span> <span class='ocrx_word' id='word_1_185' title='bbox 1255 2763 1295 2825; x_wconf 91' lang='lat' dir='ltr'><strong>in-</strong></span> 
     </span>
     <span class='ocr_line' id='line_1_25' title="bbox 129 2860 1295 2947; baseline -0.002 -19"><span class='ocrx_word' id='word_1_186' title='bbox 129 2868 179 2928; x_wconf 90' lang='lat' dir='ltr'><strong>est</strong></span> <span class='ocrx_word' id='word_1_187' title='bbox 204 2861 389 2927; x_wconf 87' lang='lat' dir='ltr'><strong>adhortatio</strong></span> <span class='ocrx_word' id='word_1_188' title='bbox 412 2863 573 2926; x_wconf 91' lang='lat' dir='ltr'><strong>Musarum</strong></span> <span class='ocrx_word' id='word_1_189' title='bbox 601 2862 830 2942; x_wconf 79' lang='lat' dir='ltr'><strong>bucolicorum,</strong></span> <span class='ocrx_word' id='word_1_190' title='bbox 859 2861 975 2945; x_wconf 90' lang='lat' dir='ltr'><strong>quibus</strong></span> <span class='ocrx_word' id='word_1_191' title='bbox 1006 2864 1186 2930; x_wconf 87' lang='lat' dir='ltr'><strong>enuntiato:</strong></span> <span class='ocrx_word' id='word_1_192' title='bbox 1216 2860 1295 2947; x_wconf 77' lang='grc' dir='ltr'><em>μάλα</em></span> 
     </span>
     <span class='ocr_line' id='line_1_26' title="bbox 125 2958 1296 3051; baseline -0.001 -23"><span class='ocrx_word' id='word_1_193' title='bbox 125 2965 255 3048; x_wconf 79' lang='grc' dir='ltr'><em>χαίρετε</em></span> <span class='ocrx_word' id='word_1_194' title='bbox 277 2985 338 3028; x_wconf 92' lang='lat' dir='ltr'><strong>non</strong></span> <span class='ocrx_word' id='word_1_195' title='bbox 362 2964 507 3048; x_wconf 66' lang='lat' dir='ltr'><strong>valetel),</strong></span> <span class='ocrx_word' id='word_1_196' title='bbox 530 2962 586 3027; x_wconf 90' lang='lat' dir='ltr'><strong>sed</strong></span> <span class='ocrx_word' id='word_1_197' title='bbox 610 2963 733 3027; x_wconf 87' lang='lat' dir='ltr'><strong>salvete</strong></span> <span class='ocrx_word' id='word_1_198' title='bbox 757 2964 883 3045; x_wconf 91' lang='lat' dir='ltr'><strong>dicitur,</strong></span> <span class='ocrx_word' id='word_1_199' title='bbox 906 2965 983 3047; x_wconf 88' lang='lat' dir='ltr'><strong>quia</strong></span> <span class='ocrx_word' id='word_1_200' title='bbox 1004 2965 1143 3045; x_wconf 76' lang='grc' dir='ltr'><em>φαίνετε</em></span> <span class='ocrx_word' id='word_1_201' title='bbox 1167 2959 1196 3028; x_wconf 83' lang='grc' dir='ltr'><strong>δ’</strong></span> <span class='ocrx_word' id='word_1_202' title='bbox 1212 2958 1296 3051; x_wconf 71' lang='grc' dir='ltr'><strong>ᾠδάν</strong></span> 
     </span>
     <span class='ocr_line' id='line_1_27' title="bbox 129 3059 1296 3152; baseline 0 -21"><span class='ocrx_word' id='word_1_203' title='bbox 129 3059 254 3151; x_wconf 75' lang='grc' dir='ltr'><strong>(ᾠδάς),</strong></span> <span class='ocrx_word' id='word_1_204' title='bbox 284 3067 345 3131; x_wconf 91' lang='lat' dir='ltr'><strong>nisi</strong></span> <span class='ocrx_word' id='word_1_205' title='bbox 375 3066 468 3130; x_wconf 85' lang='lat' dir='ltr'><strong>malis</strong></span> <span class='ocrx_word' id='word_1_206' title='bbox 499 3065 732 3149; x_wconf 89' lang='lat' dir='ltr'><strong>interpretandi</strong></span> <span class='ocrx_word' id='word_1_207' title='bbox 762 3066 886 3131; x_wconf 91' lang='lat' dir='ltr'><strong>artibus</strong></span> <span class='ocrx_word' id='word_1_208' title='bbox 916 3067 1046 3149; x_wconf 92' lang='lat' dir='ltr'><strong>utimur,</strong></span> <span class='ocrx_word' id='word_1_209' title='bbox 1076 3068 1296 3152; x_wconf 82' lang='lat' dir='ltr'><strong>explicandum</strong></span> 
     </span>
     <span class='ocr_line' id='line_1_28' title="bbox 130 3165 1296 3254; baseline -0.001 -20"><span class='ocrx_word' id='word_1_210' title='bbox 130 3174 190 3249; x_wconf 82' lang='lat' dir='ltr'><strong>est3</strong></span> <span class='ocrx_word' id='word_1_211' title='bbox 214 3168 368 3252; x_wconf 85' lang='lat' dir='ltr'><strong>,indicate</strong></span> <span class='ocrx_word' id='word_1_212' title='bbox 392 3169 470 3232; x_wconf 91' lang='lat' dir='ltr'><strong>mihi</strong></span> <span class='ocrx_word' id='word_1_213' title='bbox 494 3165 582 3251; x_wconf 76' lang='grc' dir='ltr'>(ἐγώ)</span> <span class='ocrx_word' id='word_1_214' title='bbox 606 3188 732 3232; x_wconf 85' lang='lat' dir='ltr'><strong>carmen</strong></span> <span class='ocrx_word' id='word_1_215' title='bbox 757 3168 933 3253; x_wconf 86' lang='lat' dir='ltr'><strong>(carmina),</strong></span> <span class='ocrx_word' id='word_1_216' title='bbox 955 3173 990 3232; x_wconf 95' lang='lat' dir='ltr'><strong>ut</strong></span> <span class='ocrx_word' id='word_1_217' title='bbox 1013 3168 1047 3233; x_wconf 93' lang='lat' dir='ltr'><strong>id</strong></span> <span class='ocrx_word' id='word_1_218' title='bbox 1071 3168 1136 3254; x_wconf 87' lang='lat' dir='ltr'><strong>(ea)</strong></span> <span class='ocrx_word' id='word_1_219' title='bbox 1160 3169 1296 3236; x_wconf 88' lang='lat' dir='ltr'><strong>canendo</strong></span> 
     </span>
     <span class='ocr_line' id='line_1_29' title="bbox 129 3269 1295 3356; baseline 0.002 -22"><span class='ocrx_word' id='word_1_220' title='bbox 129 3271 276 3336; x_wconf 89' lang='lat' dir='ltr'><strong>reddam’</strong></span> <span class='ocrx_word' id='word_1_221' title='bbox 299 3276 332 3334; x_wconf 89' lang='lat' dir='ltr'><strong>et</strong></span> <span class='ocrx_word' id='word_1_222' title='bbox 353 3270 387 3335; x_wconf 92' lang='lat' dir='ltr'><strong>id</strong></span> <span class='ocrx_word' id='word_1_223' title='bbox 408 3271 503 3354; x_wconf 89' lang='lat' dir='ltr'><strong>plane</strong></span> <span class='ocrx_word' id='word_1_224' title='bbox 527 3269 637 3335; x_wconf 91' lang='lat' dir='ltr'><strong>eodem</strong></span> <span class='ocrx_word' id='word_1_225' title='bbox 662 3290 756 3335; x_wconf 87' lang='lat' dir='ltr'><strong>sensu</strong></span> <span class='ocrx_word' id='word_1_226' title='bbox 777 3269 895 3336; x_wconf 86' lang='lat' dir='ltr'><strong>dicitur</strong></span> <span class='ocrx_word' id='word_1_227' title='bbox 914 3277 1012 3354; x_wconf 88' lang='lat' dir='ltr'><strong>atque</strong></span> <span class='ocrx_word' id='word_1_228' title='bbox 1028 3271 1115 3356; x_wconf 89' lang='lat' dir='ltr'><strong>apud</strong></span> <span class='ocrx_word' id='word_1_229' title='bbox 1131 3274 1295 3338; x_wconf 91' lang='lat' dir='ltr'><strong>Homerum</strong></span> 
     </span>
     <span class='ocr_line' id='line_1_30' title="bbox 130 3365 1297 3459; baseline 0.002 -20"><span class='ocrx_word' id='word_1_230' title='bbox 130 3373 187 3439; x_wconf 91' lang='lat' dir='ltr'><strong>Od.</strong></span> <span class='ocrx_word' id='word_1_231' title='bbox 204 3375 290 3455; x_wconf 94' lang='lat' dir='ltr'><strong>Vlll,</strong></span> <span class='ocrx_word' id='word_1_232' title='bbox 306 3376 381 3438; x_wconf 80' lang='lat'>499:</span> <span class='ocrx_word' id='word_1_233' title='bbox 405 3385 503 3453; x_wconf 80' lang='grc' dir='ltr'><em>φαῖνε</em></span> <span class='ocrx_word' id='word_1_234' title='bbox 526 3365 554 3436; x_wconf 84' lang='lat' dir='ltr'><strong>d&#39;</strong></span> <span class='ocrx_word' id='word_1_235' title='bbox 569 3365 688 3459; x_wconf 76' lang='grc' dir='ltr'><em>ἀοιδήν</em></span> <span class='ocrx_word' id='word_1_236' title='bbox 711 3379 743 3437; x_wconf 93' lang='lat' dir='ltr'><strong>et</strong></span> <span class='ocrx_word' id='word_1_237' title='bbox 766 3373 861 3437; x_wconf 92' lang='lat' dir='ltr'><strong>simili</strong></span> <span class='ocrx_word' id='word_1_238' title='bbox 886 3393 980 3439; x_wconf 89' lang='lat' dir='ltr'><strong>sensu</strong></span> <span class='ocrx_word' id='word_1_239' title='bbox 1003 3394 1041 3439; x_wconf 89' lang='lat' dir='ltr'><strong>ao</strong></span> <span class='ocrx_word' id='word_1_240' title='bbox 1069 3375 1125 3457; x_wconf 91' lang='lat' dir='ltr'><strong>qui</strong></span> <span class='ocrx_word' id='word_1_241' title='bbox 1148 3376 1181 3439; x_wconf 94' lang='lat' dir='ltr'><strong>in</strong></span> <span class='ocrx_word' id='word_1_242' title='bbox 1205 3376 1257 3441; x_wconf 73' lang='lat' dir='ltr'><strong>id.i</strong></span> <span class='ocrx_word' id='word_1_243' title='bbox 1276 3377 1297 3456; x_wconf 93' lang='lat' dir='ltr'><strong>l,</strong></span> 
     </span>
     <span class='ocr_line' id='line_1_31' title="bbox 131 3469 1297 3560; baseline 0.003 -21"><span class='ocrx_word' id='word_1_244' title='bbox 131 3477 170 3539; x_wconf 85' lang='grc'><strong>64</strong></span> <span class='ocrx_word' id='word_1_245' title='bbox 193 3477 313 3540; x_wconf 83' lang='lat' dir='ltr'><strong>verbis:</strong></span> <span class='ocrx_word' id='word_1_246' title='bbox 337 3471 451 3558; x_wconf 74' lang='grc' dir='ltr'><em>ἄρχετε</em></span> <span class='ocrx_word' id='word_1_247' title='bbox 473 3478 678 3553; x_wconf 74' lang='grc' dir='ltr'><em>βουκολικᾶς</em></span> <span class='ocrx_word' id='word_1_248' title='bbox 700 3480 825 3540; x_wconf 85' lang='grc' dir='ltr'><em>Μοῖσαι</em></span> <span class='ocrx_word' id='word_1_249' title='bbox 848 3476 943 3556; x_wconf 78' lang='grc' dir='ltr'><em>φίλαι</em></span> <span class='ocrx_word' id='word_1_250' title='bbox 967 3469 1075 3560; x_wconf 75' lang='grc' dir='ltr'><em>ἄρχετ’</em></span> <span class='ocrx_word' id='word_1_251' title='bbox 1092 3477 1209 3554; x_wconf 78' lang='grc' dir='ltr'><em>ἀοιδᾶς</em></span> <span class='ocrx_word' id='word_1_252' title='bbox 1231 3478 1297 3544; x_wconf 91' lang='lat' dir='ltr'><strong>snb·</strong></span> 
     </span>
     <span class='ocr_line' id='line_1_32' title="bbox 130 3571 1297 3663; baseline 0.001 -21"><span class='ocrx_word' id='word_1_253' title='bbox 130 3582 187 3643; x_wconf 90' lang='lat' dir='ltr'><strong>est.</strong></span> <span class='ocrx_word' id='word_1_254' title='bbox 230 3577 295 3643; x_wconf 83' lang='lat' dir='ltr'><strong>Sed</strong></span> <span class='ocrx_word' id='word_1_255' title='bbox 324 3579 357 3641; x_wconf 91' lang='lat' dir='ltr'><strong>in</strong></span> <span class='ocrx_word' id='word_1_256' title='bbox 380 3578 523 3660; x_wconf 85' lang='lat' dir='ltr'><strong>proximo</strong></span> <span class='ocrx_word' id='word_1_257' title='bbox 554 3597 648 3641; x_wconf 87' lang='lat' dir='ltr'><strong>versu</strong></span> <span class='ocrx_word' id='word_1_258' title='bbox 678 3577 844 3658; x_wconf 90' lang='lat' dir='ltr'><strong>nescimus,</strong></span> <span class='ocrx_word' id='word_1_259' title='bbox 874 3578 945 3660; x_wconf 92' lang='lat' dir='ltr'><strong>quis</strong></span> <span class='ocrx_word' id='word_1_260' title='bbox 975 3578 1034 3643; x_wconf 92' lang='lat' dir='ltr'><strong>sub</strong></span> <span class='ocrx_word' id='word_1_261' title='bbox 1064 3571 1131 3662; x_wconf 79' lang='grc' dir='ltr'><strong>ἐγώ</strong></span> <span class='ocrx_word' id='word_1_262' title='bbox 1163 3586 1221 3644; x_wconf 88' lang='lat' dir='ltr'><strong>aut</strong></span> <span class='ocrx_word' id='word_1_263' title='bbox 1249 3580 1297 3663; x_wconf 86' lang='lat' dir='ltr'><strong>qui</strong></span> 
     </span>
     <span class='ocr_line' id='line_1_33' title="bbox 130 3679 1297 3763; baseline 0.002 -19"><span class='ocrx_word' id='word_1_264' title='bbox 130 3681 188 3745; x_wconf 91' lang='lat' dir='ltr'><strong>sub</strong></span> <span class='ocrx_word' id='word_1_265' title='bbox 212 3680 349 3744; x_wconf 74' lang='lat' dir='ltr'><strong>arborea</strong></span> <span class='ocrx_word' id='word_1_266' title='bbox 369 3684 504 3763; x_wconf 74' lang='grc' dir='ltr'><em>νομεῦσι</em></span> <span class='ocrx_word' id='word_1_267' title='bbox 526 3680 657 3743; x_wconf 88' lang='lat' dir='ltr'><strong>lateant.</strong></span> <span class='ocrx_word' id='word_1_268' title='bbox 685 3680 731 3743; x_wconf 85' lang='lat' dir='ltr'><strong>Ac</strong></span> <span class='ocrx_word' id='word_1_269' title='bbox 754 3700 794 3743; x_wconf 93' lang='lat' dir='ltr'><strong>ne</strong></span> <span class='ocrx_word' id='word_1_270' title='bbox 816 3680 980 3744; x_wconf 91' lang='lat' dir='ltr'><strong>minimum</strong></span> <span class='ocrx_word' id='word_1_271' title='bbox 1000 3679 1130 3763; x_wconf 91' lang='lat' dir='ltr'><strong>quidem</strong></span> <span class='ocrx_word' id='word_1_272' title='bbox 1150 3682 1297 3748; x_wconf 89' lang='lat' dir='ltr'><strong>indicium</strong></span> 
     </span>
     <span class='ocr_line' id='line_1_34' title="bbox 130 3778 1297 3866; baseline 0.003 -21"><span class='ocrx_word' id='word_1_273' title='bbox 130 3783 161 3845; x_wconf 92' lang='lat' dir='ltr'><strong>in</strong></span> <span class='ocrx_word' id='word_1_274' title='bbox 185 3788 389 3866; x_wconf 89' lang='lat' dir='ltr'><strong>eonspectum</strong></span> <span class='ocrx_word' id='word_1_275' title='bbox 404 3783 500 3863; x_wconf 88' lang='lat' dir='ltr'><strong>veuit,</strong></span> <span class='ocrx_word' id='word_1_276' title='bbox 523 3802 564 3846; x_wconf 85' lang='lat' dir='ltr'><strong>ex</strong></span> <span class='ocrx_word' id='word_1_277' title='bbox 588 3802 649 3863; x_wconf 91' lang='lat' dir='ltr'><strong>quo</strong></span> <span class='ocrx_word' id='word_1_278' title='bbox 665 3781 871 3845; x_wconf 77' lang='lat' dir='ltr'><strong>Theocritum</strong></span> <span class='ocrx_word' id='word_1_279' title='bbox 887 3802 966 3847; x_wconf 87' lang='lat' dir='ltr'><strong>voce</strong></span> <span class='ocrx_word' id='word_1_280' title='bbox 986 3778 1051 3864; x_wconf 77' lang='grc' dir='ltr'><strong>ἐγώ</strong></span> <span class='ocrx_word' id='word_1_281' title='bbox 1070 3784 1236 3866; x_wconf 88' lang='lat' dir='ltr'><strong>perhiberi</strong></span> <span class='ocrx_word' id='word_1_282' title='bbox 1255 3783 1297 3848; x_wconf 91' lang='lat' dir='ltr'><strong>di-</strong></span> 
     </span>
     <span class='ocr_line' id='line_1_35' title="bbox 130 3879 1297 3968; baseline -0.001 -19"><span class='ocrx_word' id='word_1_283' title='bbox 130 3886 310 3968; x_wconf 88' lang='lat' dir='ltr'><strong>spiciamus.</strong></span> <span class='ocrx_word' id='word_1_284' title='bbox 333 3886 451 3950; x_wconf 79' lang='lat' dir='ltr'><strong>Contra</strong></span> <span class='ocrx_word' id='word_1_285' title='bbox 466 3885 595 3948; x_wconf 86' lang='lat' dir='ltr'><strong>obstant</strong></span> <span class='ocrx_word' id='word_1_286' title='bbox 611 3884 639 3947; x_wconf 93' lang='lat' dir='ltr'><strong>ei</strong></span> <span class='ocrx_word' id='word_1_287' title='bbox 656 3884 796 3967; x_wconf 92' lang='lat' dir='ltr'><strong>opinioni</strong></span> <span class='ocrx_word' id='word_1_288' title='bbox 808 3885 947 3949; x_wconf 87' lang='lat' dir='ltr'><strong>maxime</strong></span> <span class='ocrx_word' id='word_1_289' title='bbox 959 3885 1059 3949; x_wconf 89' lang='lat' dir='ltr'><strong>verba</strong></span> <span class='ocrx_word' id='word_1_290' title='bbox 1069 3883 1192 3968; x_wconf 78' lang='grc' dir='ltr'><em>παρών</em></span> <span class='ocrx_word' id='word_1_291' title='bbox 1205 3879 1297 3951; x_wconf 78' lang='grc' dir='ltr'><em>ἄεισε.</em></span> 
     </span>
    </p>
   </div>
   <div class='ocr_carea' id='block_1_7' title="bbox 214 4070 949 4225">
    <p class='ocr_par' dir='ltr' id='par_1_7' title="bbox 214 4070 949 4225">
     <span class='ocr_line' id='line_1_36' title="bbox 217 4070 660 4140; baseline -0.005 -15"><span class='ocrx_word' id='word_1_292' title='bbox 217 4072 238 4139; x_wconf 91' lang='lat'><strong>¹)</strong></span> <span class='ocrx_word' id='word_1_293' title='bbox 257 4070 296 4125; x_wconf 84' lang='lat' dir='ltr'><strong>Ol.</strong></span> <span class='ocrx_word' id='word_1_294' title='bbox 316 4071 449 4140; x_wconf 78' lang='lat' dir='ltr'><strong>Legrand.</strong></span> <span class='ocrx_word' id='word_1_295' title='bbox 469 4071 486 4124; x_wconf 89' lang='lat' dir='ltr'><strong>l.</strong></span> <span class='ocrx_word' id='word_1_296' title='bbox 499 4071 516 4124; x_wconf 89' lang='lat' dir='ltr'><strong>l.</strong></span> <span class='ocrx_word' id='word_1_297' title='bbox 534 4087 560 4138; x_wconf 92' lang='lat' dir='ltr'><strong>p.</strong></span> <span class='ocrx_word' id='word_1_298' title='bbox 577 4075 606 4123; x_wconf 83' lang='lat'><strong>10</strong></span> <span class='ocrx_word' id='word_1_299' title='bbox 620 4086 660 4138; x_wconf 89' lang='lat' dir='ltr'><strong>sq.</strong></span> 
     </span>
     <span class='ocr_line' id='line_1_37' title="bbox 214 4155 949 4225; baseline 0 -15"><span class='ocrx_word' id='word_1_300' title='bbox 214 4160 236 4225; x_wconf 77' lang='lat'><strong>²)</strong></span> <span class='ocrx_word' id='word_1_301' title='bbox 254 4157 287 4210; x_wconf 91' lang='lat' dir='ltr'><strong>ln</strong></span> <span class='ocrx_word' id='word_1_302' title='bbox 304 4157 380 4210; x_wconf 83' lang='lat' dir='ltr'><strong>libris</strong></span> <span class='ocrx_word' id='word_1_303' title='bbox 399 4155 601 4210; x_wconf 81' lang='lat' dir='ltr'><strong>confunduntur</strong></span> <span class='ocrx_word' id='word_1_304' title='bbox 620 4173 635 4208; x_wconf 83' lang='lat' dir='ltr'><em>v</em></span> <span class='ocrx_word' id='word_1_305' title='bbox 653 4160 680 4209; x_wconf 89' lang='lat' dir='ltr'><strong>et</strong></span> <span class='ocrx_word' id='word_1_306' title='bbox 698 4173 712 4217; x_wconf 86' lang='grc' dir='ltr'><strong><em>ς</em></strong></span> <span class='ocrx_word' id='word_1_307' title='bbox 729 4159 800 4209; x_wconf 87' lang='lat' dir='ltr'><strong>teste</strong></span> <span class='ocrx_word' id='word_1_308' title='bbox 818 4155 949 4224; x_wconf 83' lang='lat' dir='ltr'><strong>Zieglero.</strong></span> 
     </span>
    </p>
   </div>
   <div class='ocr_carea' id='block_1_8' title="bbox 129 4240 1296 4395">
    <p class='ocr_par' dir='ltr' id='par_1_8' title="bbox 129 4240 1296 4395">
     <span class='ocr_line' id='line_1_38' title="bbox 216 4240 1296 4309; baseline -0.001 -13"><span class='ocrx_word' id='word_1_309' title='bbox 216 4243 237 4309; x_wconf 77' lang='lat'><strong>⁸)</strong></span> <span class='ocrx_word' id='word_1_310' title='bbox 257 4241 339 4296; x_wconf 89' lang='lat' dir='ltr'><strong>Velut</strong></span> <span class='ocrx_word' id='word_1_311' title='bbox 362 4240 490 4296; x_wconf 77' lang='lat' dir='ltr'><strong>Gertault.</strong></span> <span class='ocrx_word' id='word_1_312' title='bbox 510 4240 635 4308; x_wconf 86' lang='lat' dir='ltr'><strong>opinatur</strong></span> <span class='ocrx_word' id='word_1_313' title='bbox 657 4257 684 4308; x_wconf 91' lang='lat' dir='ltr'><strong>p.</strong></span> <span class='ocrx_word' id='word_1_314' title='bbox 704 4244 764 4293; x_wconf 78' lang='lat'><strong>495:</strong></span> <span class='ocrx_word' id='word_1_315' title='bbox 792 4240 830 4294; x_wconf 80' lang='lat' dir='ltr'><strong>«il</strong></span> <span class='ocrx_word' id='word_1_316' title='bbox 856 4240 898 4294; x_wconf 87' lang='lat' dir='ltr'><strong>dit</strong></span> <span class='ocrx_word' id='word_1_317' title='bbox 923 4240 1003 4294; x_wconf 81' lang='lat' dir='ltr'><strong>edieu</strong></span> <span class='ocrx_word' id='word_1_318' title='bbox 1030 4256 1084 4296; x_wconf 81' lang='lat' dir='ltr'><strong>anx</strong></span> <span class='ocrx_word' id='word_1_319' title='bbox 1106 4257 1198 4298; x_wconf 82' lang='lat' dir='ltr'><strong>musas</strong></span> <span class='ocrx_word' id='word_1_320' title='bbox 1221 4243 1296 4297; x_wconf 87' lang='lat' dir='ltr'><strong>bueo·</strong></span> 
     </span>
     <span class='ocr_line' id='line_1_39' title="bbox 129 4325 361 4395; baseline 0 -16"><span class='ocrx_word' id='word_1_321' title='bbox 129 4325 219 4394; x_wconf 86' lang='lat' dir='ltr'><strong>liques</strong></span> <span class='ocrx_word' id='word_1_322' title='bbox 236 4326 284 4395; x_wconf 86' lang='lat' dir='ltr'><strong>IX,</strong></span> <span class='ocrx_word' id='word_1_323' title='bbox 302 4330 361 4380; x_wconf 76' lang='grc'>28».</span> 
     </span>
    </p>
   </div>
   <div class='ocr_carea' id='block_1_9' title="bbox 0 0 1438 4822">
    <p class='ocr_par' dir='ltr' id='par_1_9' title="bbox 0 0 1438 4822">
     <span class='ocr_line' id='line_1_40' title="bbox 0 0 1438 4822; baseline 0 0"><span class='ocrx_word' id='word_1_324' title='bbox 0 0 1438 4822; x_wconf 95' lang='lat' dir='ltr'><strong> </strong></span> 
     </span>
    </p>
   </div>
  </div>
 </body>
</html>
