2866 4822
1261 209 1301 273 87

128 382 158 446 in
182 382 302 446 artiore
325 381 434 463 aliqua
457 379 701 461 necessitudine,
723 379 859 444 fortasse
881 385 990 464 partes
1013 380 1095 444 iuter
1118 399 1152 445 se
1174 401 1302 464 respon-

128 483 242 549 dentes
264 484 356 548 unius
384 483 533 548 carminis
560 483 660 547 fuisse
683 482 862 547 videantur.
906 478 978 560 Qua
1007 483 1040 546 in
1071 503 1104 546 re
1134 487 1303 566 praeterea

126 585 362 670 respiciendum
386 590 435 651 est
458 590 491 649 et
513 584 599 668 quod
622 604 719 668 supra
743 584 794 668 (cf.
814 606 843 668 p.
865 586 918 665 74)
942 584 983 649 de
1006 585 1157 649 solutiore
1179 606 1303 651 conexu

125 709 276 754 versuum
293 689 349 769 IX,
365 689 420 767 7!ss
443 708 513 753 curn
536 688 743 769 sequentibus
766 686 914 768 diximus,
937 692 970 751 et
985 686 1070 769 quod
1086 707 1196 752 versus
1211 688 1268 769 IX,
1284 690 1302 753 7

126 791 211 856 inter
233 809 344 855 versus
366 790 454 870 VIII,
478 791 518 855 76
541 794 574 853 et
597 791 637 855 78
666 810 768 873 parva
790 810 859 854 curn
883 789 1060 855 mutatione
1087 789 1157 874 (IX,
1177 792 1208 855 7:
1239 783 1303 854 ἁδύ

126 893 195 976 μὲν
226 882 246 956 ἁ
276 889 408 975 μόσχος,
439 893 526 973 VIII,
549 894 602 957 77:
633 884 695 955 eoo
724 892 764 955 δὲ
792 882 846 974 χὼ
871 887 1006 975 μόσχος)
1034 892 1150 956 iterum
1176 893 1303 975 legitur.

126 994 265 1062 Accedit
288 995 395 1075 etiarn,
425 993 510 1077 quod
533 1014 626 1059 versu
649 994 738 1074 VIII,
762 996 814 1060 78:
845 983 909 1058 too
937 994 972 1058 (Ιὲ
1000 997 1049 1058 τῶ
1076 995 1195 1078 θέρεος
1225 995 1304 1079 παρ’

127 1091 221 1180 ὕδωρ
256 1094 333 1182 ῥέον
367 1096 611 1180 αἰθριοκοιτεῑν
644 1096 758 1161 similis
788 1097 949 1161 sententia
978 1097 1108 1160 effertur
1142 1117 1179 1161 ao
1209 1117 1303 1161 versu

127 1201 185 1281 IX,
201 1201 234 1265 9:
257 1197 325 1264 ἔστι
349 1198 385 1263 δέ
405 1222 462 1282 μοι
484 1189 563 1283 παρ’
579 1191 672 1280 ὕδωρ
700 1195 832 1282 ψυχρὸν
860 1195 980 1278 crutide.
1026 1198 1091 1264 Sed
1118 1199 1150 1263 ln
1178 1198 1228 1265 his
1255 1220 1303 1264 re·

127 1303 197 1383 bus,
219 1302 367 1385 quoniam
390 1307 499 1366 cetera
522 1302 628 1367 omnia
650 1301 730 1366 satIs
752 1301 894 1366 tenebris
916 1301 1078 1367 occultata
1100 1301 1211 1382 latent,
1233 1306 1304 1366 tan-

126 1403 290 1470 tummodo
322 1423 440 1489 parvas
473 1403 575 1468 veluti
604 1402 763 1469 suintillae
792 1402 953 1484 videmus,
988 1404 1104 1486 quibus
1134 1405 1303 1469 veritatem

125 1508 231 1591 magis
260 1506 407 1572 divinare
437 1527 532 1590 quam
562 1505 721 1590 dispicere
752 1526 902 1570 conamur
933 1506 984 1590 (cf.
1008 1507 1105 1571 etiarn
1129 1508 1223 1591 Verg.
1247 1508 1303 1573 ecl.

126 1610 187 1692 III,
204 1610 299 1691 80s81
325 1630 351 1674 c.
367 1610 465 1688 82f83
489 1613 521 1673 et
544 1610 601 1674 ecl.
617 1609 687 1689 VII,
703 1609 742 1673 61
760 1627 827 1691 sqq.
843 1629 868 1673 c.
884 1610 925 1672 65
941 1608 1031 1694 sqq).

214 1748 318 1813 Unum
352 1745 491 1829 denique
520 1751 635 1828 restat,
665 1744 751 1828 quod
780 1745 1091 1812 commemorandum
1121 1751 1178 1811 est.
1229 1748 1305 1812 Per-

125 1849 261 1915 multum
293 1849 377 1913 enim
406 1849 541 1914 interest
571 1869 725 1932 quaerere
755 1854 796 1930 et,
826 1848 853 1913 si
882 1848 951 1912 fieri
981 1853 1097 1932 potest,
1127 1849 1305 1933 explorare,

126 1951 256 2036 quando
287 1952 326 2017 iis
350 1950 474 2036 idylliis
496 1952 577 2016 haec
600 1971 695 2034 quam
719 1971 801 2016 nunc
830 1950 986 2016 habemus
1015 1951 1117 2015 forma
1147 1952 1189 2017 sit
1219 1951 1305 2017 data.

126 2054 226 2120 Cuius
249 2055 447 2137 quaestionis
469 2053 697 2118 adminiculum
721 2052 853 2136 aliquod
876 2053 967 2118 nobis
990 2053 1214 2138 suppeditatur
1228 2055 1306 2119 Ver-

126 2157 199 2241 gilii
222 2157 351 2241 eclogis,
381 2175 461 2239 quas
488 2156 531 2220 ad
554 2156 747 2222 Theocritea
776 2157 924 2240 exempla
954 2155 1100 2222 conditas
1130 2176 1200 2222 esso
1231 2176 1306 2221 con·

127 2264 202 2324 stat.
247 2259 408 2341 Vergilius
438 2259 536 2343 igitur
565 2259 652 2323 locos
682 2258 863 2340 nonnullos,
893 2262 928 2323 ut
957 2258 1123 2324 confestim
1153 2258 1306 2340 dicamus,

126 2363 295 2444 utriusque
317 2360 433 2446 idyllii,
456 2362 551 2446 longe
574 2366 681 2426 tamen
705 2362 857 2445 plurimos
880 2362 986 2427 octavi
1014 2362 1082 2426 sine
1110 2360 1207 2427 dubio
1234 2363 1316 2443 imi,

124 2470 214 2530 tatus
242 2470 291 2529 est
320 2463 372 2529 vel
401 2465 558 2547 respexit;
588 2484 664 2548 ergo
695 2464 900 2529 utilissimum
929 2464 991 2528 erit
1018 2464 1216 2548 interrogare
1248 2465 1307 2530 sic:

124 2568 242 2633 Utrum
269 2571 365 2651 poeta
387 2568 521 2632 Latinus
548 2566 614 2631 idd.
634 2568 714 2631 VIII
737 2575 769 2632 et
791 2568 840 2632 IX
867 2568 932 2631 iarn
962 2586 1020 2632 sua
1050 2572 1159 2632 aetate
1189 2567 1237 2632 ita
1260 2567 1315 2630 in-

125 2671 265 2736 formata
288 2668 384 2745 vidit,
413 2690 454 2733 an
477 2669 571 2734 aliter
594 2675 651 2734 aut
673 2675 798 2735 tantum
825 2674 934 2753 partes
958 2689 1067 2734 eorum
1090 2672 1243 2735 noverat?
1265 2708 1307 2716 —

126 2775 235 2857 Atque
257 2774 331 2838 noni
353 2772 460 2857 idyllii
484 2772 547 2838 duo
570 2773 632 2840 loci
661 2773 830 2858 spectandi
857 2779 945 2854 sunt,
975 2793 1108 2856 quorum
1138 2773 1220 2837 alter
1244 2773 1306 2857 (vv.

128 2876 268 2961 19-21)
291 2876 379 2940 haud
402 2876 499 2941 dubie
523 2898 543 2941 a
565 2877 709 2961 Vergilio
732 2876 943 2942 adumbratus
966 2877 1069 2941 estin
1092 2896 1142 2941 vv.
1163 2876 1220 2941 ecl.
1236 2876 1307 2958 VII,

126 2981 267 3059 clo-523
290 2978 347 3044 sed
370 3000 406 3044 eo
430 2980 532 3062 magis
555 2979 769 3044 dubitandum
798 2987 855 3061 est,
882 2984 988 3043 utrum
1010 2978 1093 3043 alter
1115 2979 1203 3044 locus
1226 3000 1254 3043 v.
1275 2981 1306 3044 2:

284 3109 374 3202 ᾤδᾶς
398 3111 494 3201 ἄρχεο
518 3117 636 3198 Adora,
659 3114 871 3200 συναψάσθω
895 3118 930 3182 dd
953 3114 1132 3191 Μενάλκας

127 3273 206 3357 (var.
237 3276 378 3357 πρᾶτος,
409 3268 608 3358 donadeum)
639 3273 776 3357 Vergilii
807 3272 907 3339 oculis
938 3272 1126 3338 obversatus
1155 3271 1206 3353 sit,
1235 3291 1305 3337 cum

126 3378 284 3444 scriberet
306 3377 369 3462 (ed.
385 3380 442 3460 III,
459 3377 527 3464 5s):

283 3514 410 3598 ,incipe,
432 3515 600 3597 Damoeta,
622 3520 658 3580 tu
681 3515 799 3581 deinde
822 3535 964 3598 sequere,
986 3514 1154 3596 Menalca,

127 3689 167 3732 an
202 3668 321 3733 rectius
355 3668 598 3734 similitudinem
635 3689 746 3735 versus
780 3669 958 3754 Vergiliani
998 3667 1086 3734 casui
1120 3667 1307 3732 tribuamus.

126 3771 329 3852 Quamquam
353 3772 444 3835 multi
469 3771 602 3836 credunt
625 3773 837 3838 imitationem
853 3793 928 3837 vere
951 3772 982 3835 in
1002 3771 1063 3836 hoc
1078 3790 1172 3834 versu
1188 3769 1306 3834 factam

126 3892 207 3954 esse,
238 3878 344 3937 tamen
376 3894 426 3939 res
449 3895 532 3957 quae
555 3896 592 3939 eo
615 3896 709 3941 versu
740 3875 871 3956 dicitur,
901 3874 978 3939 talis
1007 3878 1068 3955 est,
1097 3879 1133 3937 ut
1161 3872 1257 3937 facile
1288 3893 1307 3936 a

126 3974 266 4042 diversis
288 3977 392 4059 potitis
416 3978 512 4042 simili
536 3976 629 4042 modo
653 3978 811 4042 enuntiari
835 3978 976 4062 potuerit
999 3975 1180 4060 (praeterea
1195 3973 1306 4040 etun

126 4078 216 4159 VIII,
237 4078 377 4160 30-32,
407 4080 461 4144 ubi
493 4080 606 4144 eadem
637 4100 687 4145 res
718 4081 815 4144 simili
845 4079 938 4144 modo
968 4077 1149 4163 profertur).
1192 4078 1307 4159 Itaque

126 4179 207 4263 quid
234 4201 342 4245 verum
374 4182 428 4263 sit,
459 4183 490 4246 in
521 4182 627 4248 medio
657 4183 865 4265 relinquimus
896 4182 1037 4264 itemque
1066 4201 1173 4265 porro,
1203 4185 1307 4243 utrum

127 4282 293 4367 Vergilius
316 4284 510 4368 prooemium
534 4284 646 4369 idyllii
664 4285 711 4348 IX
734 4285 799 4349 iarn
822 4285 939 4369 legerit
962 4306 1068 4350 necne.
