2866 4822
1262 272 1301 335 51

124 441 264 518 mutato,
294 436 415 520 protasi
444 430 811 523 11δείμὴ11111ρί511111;
842 438 899 503 sed
928 459 998 503 cum
1021 441 1124 523 prima
1154 440 1303 525 apodosis

124 544 238 605 careat
260 539 421 623 particula
444 533 494 621 dv,
516 560 578 604 non
600 541 710 621 solum,
733 539 818 623 quod
842 541 874 604 in
897 542 1050 625 proximis
1073 544 1222 608 membris
1245 543 1303 609 du-

124 642 207 707 obus
223 641 360 706 eandem
381 642 594 724 anquiramus,
614 663 674 707 non
697 642 860 723 habemus,
883 632 1106 708 verumetiam
1127 645 1168 710 de
1184 667 1303 728 aequa·

124 743 256 807 bilitate
278 743 490 808 membrorum
514 743 616 808 vetari
640 743 786 808 videmur
812 764 883 808 eam
907 745 1032 809 omnino
1055 767 1180 830 ponere.
1225 748 1304 813 Cum

123 845 228 930 igitur
249 845 379 928 insuper
404 839 444 909 ἄν
472 845 505 908 in
532 866 581 910 vv.
601 847 642 910 48
666 851 699 910 et
726 847 767 910 54
796 866 907 929 parurn
939 852 1121 912 constanter
1150 849 1303 914 traditum

124 948 169 1014 sit
184 953 285 1031 atque
300 947 441 1031 perbene
460 947 588 1030 legatur
609 947 660 1024 τίς
683 938 711 1011 δ’
723 940 764 1028 iio
785 939 940 1033 ἀριστῆας
954 951 1092 1014 Λυκίων
1115 952 1200 1016 ποτέ
1218 972 1304 1016 cum-

125 1071 190 1133 que
211 1050 356 1114 intortio
376 1049 445 1114 colo
466 1048 618 1134 (51-57)
640 1051 727 1134 prior
749 1050 909 1115 sententia
932 1047 1072 1135 δηναιὸν
1093 1054 1190 1129 κλέος
1212 1050 1304 1137 ἔσχεν

126 1153 196 1238 (54)
213 1152 343 1218 omittat
359 1146 409 1233 civ,
431 1157 467 1216 ut
488 1153 521 1215 in
540 1152 644 1216 altera
666 1145 806 1235 ἐσιγάθῃ
826 1143 888 1216 d'o‘
908 1150 1077 1237 συφορβός
1097 1154 1304 1239 (sicMeinek.

126 1254 261 1338 quidem
290 1254 388 1320 scribi
415 1253 496 1338 vult)
528 1253 613 1319 idem
643 1274 680 1319 eo
709 1255 814 1319 minus
844 1255 887 1318 sit
916 1254 1154 1338 postulandum,
1184 1279 1224 1322 ex
1254 1258 1304 1323 his

126 1357 277 1422 omnibus
291 1357 395 1437 rebus,
417 1357 445 1421 si
465 1376 526 1420 non
543 1356 728 1437 certissime,
748 1361 782 1420 at
802 1376 924 1421 summa
940 1377 1010 1421 cum
1026 1359 1305 1425 verisimilitudine

126 1460 288 1542 sequitur,
310 1465 347 1524 ut
369 1452 411 1523 dv
432 1463 545 1522 neutro
572 1459 603 1522 in
627 1478 720 1523 versu
748 1459 839 1523 initio
867 1459 1037 1524 exstiterit.
1082 1461 1128 1525 Ac
1151 1462 1306 1544 similiter,

127 1561 188 1628 sed
211 1561 389 1645 simplicius
411 1580 462 1625 res
484 1579 519 1625 se
541 1559 641 1626 habet
664 1559 788 1625 duobus
811 1560 884 1624 aliis
907 1561 986 1624 locis
1001 1562 1121 1643 XVIII,
1137 1566 1176 1626 25
1201 1570 1233 1628 et
1249 1565 1306 1646 XI,

127 1666 180 1747 59,
210 1684 345 1746 quorum
374 1662 460 1747 prior
482 1662 578 1745 vulgo
606 1661 744 1727 traditur
766 1663 825 1726 ita:
853 1665 915 1726 τᾶν
939 1653 1011 1727 οὐδ’
1028 1658 1069 1726 ἄν
1091 1687 1140 1738 τις
1164 1656 1306 1749 ἄμωμος,

127 1764 202 1831 ἐπεὶ
223 1766 253 1850 χ)
264 1755 379 1831 Ἑλένα
401 1768 590 1848 παρισωθῇ.
635 1766 695 1831 Hic
719 1765 818 1848 igitur
843 1759 883 1829 ἄν
907 1765 1069 1848 displicet,
1100 1771 1135 1830 ut
1162 1769 1305 1851 praecise

128 1869 286 1949 dicamus,
308 1867 443 1951 primum
466 1867 551 1949 quod
574 1867 607 1931 in
630 1867 741 1932 eodem
764 1868 903 1933 carmine
926 1872 975 1932 ter
998 1869 1150 1952 scriptum
1170 1875 1220 1934 est
1239 1894 1306 1948 xer,

125 1963 167 2055 χ’,
193 1995 247 2048 κα,
276 1975 344 2035 tum
375 1969 460 2053 quod
483 1971 608 2034 omnino
631 1990 692 2034 non
715 1970 897 2036 necessaria
920 1974 969 2034 est
992 1990 1030 2034 ea
1052 1972 1220 2054 particula,
1243 1994 1306 2055 qua

127 2074 239 2159 potius
262 2074 441 2138 sententiae
464 2073 512 2138 vis
536 2072 733 2154 debilitatur,
755 2077 949 2156 quapropter
972 2073 1151 2139 Meinekius
1174 2073 1215 2158 (p.
1232 2076 1306 2160 323)

129 2181 164 2242 et
188 2175 367 2241 Buecheler
396 2175 470 2240 huic
499 2175 570 2240 loco
600 2169 642 2239 dv
672 2175 817 2240 delentes
847 2170 1101 2239 emendationem
1132 2176 1307 2242 intulerunt

128 2279 210 2344 mihi
241 2276 372 2360 quidem
401 2297 463 2343 non
492 2278 673 2361 probatam,
703 2278 831 2342 tertium
860 2275 944 2359 quod
972 2281 1098 2341 ceterae
1128 2281 1306 2344 sententiae

129 2380 281 2447 similiter
310 2384 451 2445 structae
481 2384 591 2444 carent
621 2400 661 2443 ea
689 2379 849 2463 particula
879 2379 931 2462 (cl.
954 2400 1003 2444 vv.
1027 2381 1076 2460 32,
1100 2381 1149 2461 33,
1171 2382 1221 2462 34,
1244 2382 1307 2466 35),

129 2488 282 2567 quartum
315 2481 454 2565 denique
488 2480 669 2546 emendatio
702 2482 765 2546 Ioci
800 2480 952 2546 facillime
986 2482 1095 2564 perfici
1127 2489 1247 2566 potest,
1280 2485 1306 2549 si

129 2585 301 2652 scribimus
324 2587 388 2648 τᾶν
410 2575 452 2649 οὕ
468 2584 538 2648 Δάν
560 2608 618 2660 τις,
643 2582 728 2666 quod
751 2589 859 2648 exstat
878 2584 910 2646 in
931 2582 980 2647 ed.
996 2583 1124 2647 Mediol.
1141 2584 1193 2669 (cf.
1210 2587 1307 2651 etiam

130 2678 175 2752 οὗ
198 2689 268 2752 Λᾶν
291 2688 324 2751 in
346 2686 400 2768 IV,
416 2688 454 2751 17
480 2691 512 2751 et
534 2686 606 2767 VII,
626 2685 679 2771 39)
702 2686 754 2750 rel
778 2677 819 2750 ου’
840 2678 979 2774 μάν-τις
1003 2685 1155 2768 (141135
1179 2678 1219 2750 ori
1241 2686 1308 2770 μάν

130 2782 213 2855 οὐδὲ
237 2785 345 2871 λύραν
370 2787 432 2872 τις)
464 2788 518 2853 vel
546 2791 608 2852 τᾶν
635 2779 708 2852 odo'
730 2781 771 2874 ἦν
800 2811 857 2862 τις.
905 2787 1080 2852 Ahrensius
1111 2791 1237 2872 accepit
1266 2781 1308 2855 οὐ

131 2895 213 2973 Λᾶν,
237 2890 322 2974 quod
345 2891 423 2956 mihi
446 2911 573 2974 quoque
595 2891 734 2954 maxime
757 2890 887 2954 arridet.
911 2927 950 2935 -
974 2890 1087 2972 Neque
1115 2892 1217 2973 magis
1241 2913 1308 2956 cre-

130 2994 236 3059 dibile
258 2999 308 3059 est
330 2994 361 3058 in
384 2994 442 3075 XI,
457 2994 497 3057 59
521 2993 617 3077 vulgo
640 2991 741 3058 edito:

238 3087 316 3161 ὥστ’
339 3087 404 3161 οὐκ
427 3089 469 3160 ἄν
490 3117 544 3159 τοι
565 3097 671 3160 ταῦτα
695 3095 807 3177 φέρειν
831 3086 897 3176 ἅμα
919 3084 1019 3158 πάντ’
1035 3089 1207 3180 ἐδυνάθην

131 3200 237 3284 primo
265 3190 306 3263 dv
328 3198 436 3263 luisse.
481 3195 585 3276 Quid?
622 3201 750 3280 poetam
780 3196 925 3280 septies
955 3219 1013 3260 κεν
1036 3194 1104 3281 (κα)
1134 3197 1166 3260 in
1197 3197 1309 3262 codem

131 3301 249 3386 idyllio
273 3300 464 3366 scribentem
487 3299 548 3364 hoc
571 3319 633 3363 uno
661 3300 730 3364 loco
757 3299 846 3363 nulla
867 3298 1061 3363 necessitate
1091 3306 1236 3364 coactum
1268 3296 1310 3364 de
1399 3366 1400 3370 ,

130 3403 326 3490 praetulisse
348 3403 477 3468 usitatis
503 3402 683 3486 particulae
712 3401 841 3466 formis?
885 3399 1095 3465 Scribendum
1125 3408 1174 3466 est
1203 3403 1309 3486 potius

131 3499 176 3571 od
199 3506 259 3571 κέν
280 3528 342 3570 τοι.
386 3505 534 3570 Ceterum
558 3504 626 3569 eius
649 3523 759 3568 versus
782 3504 942 3568 sententia
966 3503 1156 3568 Ahrensium
1179 3503 1308 3587 quidem

131 3611 182 3674 ita
204 3607 333 3673 videtur
360 3605 544 3688 offendisse,
575 3626 669 3689 quem
699 3607 830 3687 eiceret,
860 3606 949 3671 cuius
979 3606 1112 3670 rationis
1142 3625 1218 3670 sane
1248 3629 1309 3672 non

131 3716 184 3777 est
207 3730 314 3776 causa.
1038 3762 1040 3765 .

221 3814 294 3892 Qua
323 3832 357 3876 re
387 3811 551 3895 explicata
581 3817 774 3895 compertum
805 3811 961 3875 habemus
984 3810 1189 3876 Theocritum
1219 3832 1309 3877 usum

131 3918 257 3983 formae
288 3905 329 3978 dv
360 3914 392 3977 in
422 3912 488 3977 idd.
511 3913 643 3976 I-VII
675 3918 707 3977 et
736 3912 931 3977 X—XVIII
961 3912 1086 3976 omnino
1116 3911 1309 3996 repudiasse.

132 4015 259 4098 Quodsi
281 4017 313 4080 in
340 4015 485 4080 versibus
516 4015 669 4099 elegiacis
698 4008 740 4101 ἢν
769 4019 802 4079 et
831 4009 872 4077 dv
903 4013 1080 4079 certissime
1110 4013 1302 4082 exhibentur

130 4141 196 4186 uon
222 4117 397 4184 verisimile
419 4122 469 4182 est
491 4116 695 4182 Theocritum
720 4136 773 4182 eos
797 4117 1011 4201 composuisse
1020 4115 1051 4201 ¹).

223 4273 245 4336 ¹)
264 4269 354 4322 Etiam
372 4268 446 4337 apud
463 4268 597 4338 Legrand.
616 4284 665 4323 cae
684 4268 793 4322 dicendi
813 4269 1026 4322 consuetudines
1045 4259 1092 4336 (ἢν
1104 4297 1137 4304 -
1155 4257 1190 4319 dr·
1205 4298 1238 4305 —
1251 4260 1310 4340 ᾠδα

131 4386 168 4398 -
187 4347 240 4426 civ)
259 4368 386 4424 magnum
403 4351 505 4408 habent
521 4353 630 4422 pondus
649 4352 883 4421 adiudicandum,
902 4353 936 4407 of.
949 4353 966 4407 l.
980 4352 996 4406 I.
1009 4371 1035 4421 p.
1053 4359 1089 4406 14.
1108 4379 1142 4388 -

1107 4436 1139 4489 ⁴*
