2866 4822
1195 252 1236 315 41

61 423 111 484 est
133 418 268 503 perinde
290 422 388 501 atque
411 418 499 502 apud
521 419 702 483 Homerum.
740 419 833 498 Quod
855 441 930 484 vero
953 421 986 484 in
1001 421 1072 501 VII,
1090 422 1149 485 106
1173 414 1238 502 κῆν

59 523 158 606 vulgo
175 521 322 603 traditur,
345 542 385 585 ex
402 520 546 586 eiusdem
566 523 723 586 enuntiati
740 525 883 606 optativo
900 521 1008 605 ἔρδοις
1025 524 1119 606 (quae
1136 524 1238 589 forma

58 645 255 708 quamquam
278 625 434 705 variatur,
465 624 555 688 bonis
578 630 683 689 tamen
713 625 877 691 codicibus
899 628 919 689 b
941 632 973 690 et
991 649 1017 707 p
1045 626 1237 711 exhibetur),

58 748 196 811 quocum
225 719 287 813 κῆν
309 727 459 809 coniungi
488 728 611 808 nequit,
641 727 738 791 facile
766 729 964 812 intellegitur
991 721 1052 816 κῆν
1076 749 1146 794 esse
1169 750 1237 794 cor-

56 836 188 914 ruptam
211 831 410 913 scripturam,
433 850 516 911 quae
540 829 635 893 cedat
657 835 784 913 oportet
806 833 952 896 variatae
976 831 1026 895 κεί
1049 832 1107 914 (sic
1130 840 1237 897 autern

56 935 180 1017 legitur
202 934 234 996 in
258 932 325 998 cod.
348 954 364 996 s
385 953 612 1015 nunnunquam
636 933 810 1016 praebente
834 935 933 1000 bonas
956 937 1129 1018 scripturas
1153 937 1236 1000 etin

58 1035 222 1100 deteriore
246 1033 313 1099 cod.
336 1036 396 1115 R),
428 1034 514 1117 quod
545 1056 655 1099 verum
686 1056 756 1100 esse
786 1037 850 1100 iam
879 1037 951 1102 Iuce
982 1037 1099 1101 clarius
1129 1038 1165 1102 fit
1196 1059 1237 1102 ex

57 1138 221 1204 sententia
244 1137 287 1221 (v.
310 1137 382 1218 100)
414 1135 442 1200 εἰ
469 1138 497 1200 δ’
510 1131 620 1213 ἄλλως
647 1135 778 1214 νεύσαις
809 1140 969 1203 contraria
998 1140 1073 1204 huic
1101 1140 1141 1224 (v.
1163 1141 1236 1222 100)

58 1240 110 1305 κεί
133 1240 195 1323 μὲν
216 1241 309 1304 ταῦτ’
332 1236 448 1322 ἔρδοις,
471 1245 506 1303 ut
530 1239 705 1305 Ahrensius
729 1245 761 1305 et
784 1241 887 1306 HiIIer
910 1243 978 1306 iure
1001 1243 1032 1306 in
1056 1248 1180 1306 textum
1203 1243 1236 1307 id

57 1342 249 1426 receperint.
293 1340 444 1405 Attamen
476 1341 509 1405 in
539 1343 655 1426 spuriis
678 1343 730 1406 vel
753 1342 954 1407 addubitatis
981 1345 1174 1409 carminibus
1197 1340 1239 1431 ἢν

56 1444 148 1510 haud
171 1445 219 1508 ita
240 1445 430 1508 inusitatum
454 1448 515 1523 est;
544 1465 616 1508 nam
640 1445 758 1527 legitur
781 1446 813 1508 in
836 1445 879 1509 id.
902 1446 1028 1509 XXVII
1053 1462 1107 1509 rer.
1139 1453 1171 1511 in
1194 1447 1237 1512 id.

56 1548 174 1612 XXIII
190 1547 249 1628 bis,
271 1547 304 1610 in
327 1545 369 1610 id.
392 1547 457 1610 XX
479 1547 576 1611 semel
601 1547 652 1630 (of.
677 1548 776 1631 epigr.
800 1548 853 1630 IV,
871 1551 909 1613 15
933 1559 966 1612 et
989 1551 1076 1613 XXI.
1093 1553 1133 1634 4).

146 1669 183 1731 In
199 1668 345 1751 proximo
361 1687 455 1732 versu
473 1666 548 1751 (27),
563 1667 622 1731 etsi
640 1688 701 1732 non
718 1669 851 1733 multum
866 1669 973 1749 refert,
989 1685 1093 1733 utrum
1111 1660 1128 1733 ὁ
1145 1666 1238 1734 κύων

57 1769 248 1852 όααλαρύς
271 1771 447 1836 scribamus
470 1791 511 1833 an
535 1769 552 1834 ὁ
576 1766 670 1834 κύων
694 1761 711 1835 ὁ
731 1766 895 1855 Φάλαρος,
917 1777 1023 1836 tamen
1046 1772 1236 1837 monendum

57 1879 109 1939 cst
132 1872 218 1937 idem
240 1893 353 1938 nomen
376 1873 407 1936 in
431 1874 468 1954 V,
482 1874 541 1937 103
565 1874 658 1938 arieti
692 1879 726 1937 ut
748 1873 885 1956 videtur,
907 1873 1018 1939 datum
1041 1894 1111 1940 esse
1134 1896 1237 1958 neque

57 1978 129 2042 sine
160 1995 259 2042 causa
281 1976 514 2041 Valckenarius
538 1976 589 2060 (cf.
614 1997 663 2059 ap.
687 1977 857 2040 Hermann.
885 1998 934 2061 op.
950 1978 987 2059 V,
1009 1999 1039 2062 p.
1056 1978 1109 2062 85)
1137 1980 1236 2063 scrip-

55 2087 166 2144 turam
188 2067 206 2142 ὁ
231 2074 326 2143 κύων
349 2072 367 2140 ὁ
392 2075 549 2162 Φάλαρος
579 2079 672 2143 alteri
703 2080 886 2144 anteferens
917 2080 1122 2164 vituperavit,
1151 2080 1237 2164 quod

56 2182 179 2248 nomini
202 2170 220 2245 ὁ
248 2179 403 2263 Φάλαρος
425 2181 595 2265 apponitur
618 2174 636 2244 b
660 2178 762 2264 κύων,
793 2203 876 2264 quae
898 2203 962 2247 vox
985 2184 1142 2266 apposita,
1166 2204 1236 2249 cum

57 2285 102 2350 sit
134 2289 245 2350 contra
271 2285 428 2348 rationem
458 2290 491 2348 et
520 2288 636 2366 poetae
667 2284 946 2367 consuetudinem,
976 2287 1094 2351 rectius
1124 2287 1237 2351 abesse

56 2388 165 2472 potuit
195 2388 272 2452 item
303 2392 401 2469 atque
431 2387 465 2450 in
495 2408 523 2452 v.
547 2388 603 2451 64:
634 2373 661 2449 ni
690 2385 874 2472 Λάμπουρε
904 2384 996 2453 κύον.
1049 2389 1096 2470 Of,
1119 2391 1143 2470 I,
1168 2391 1237 2453 151.

57 2491 115 2572 IV,
131 2491 181 2554 45.
198 2491 247 2554 40.
277 2490 313 2569 V,
331 2491 399 2554 101.
418 2492 487 2553 102.
505 2491 574 2555 147.
605 2490 699 2573 Verg.
716 2491 772 2554 ecl.
789 2491 876 2572 VIII,
894 2493 963 2556 107.

146 2611 214 2674 Iam
238 2615 311 2694 post
325 2629 451 2674 versum
473 2612 511 2674 27
529 2610 687 2692 colloquio
708 2631 876 2694 puerorum
893 2611 1072 2676 intermisso
1087 2611 1238 2691 narratio,

56 2734 142 2796 quae
166 2718 216 2777 est
237 2713 329 2778 initio
357 2713 515 2792 carminis,
544 2713 633 2777 nulla
663 2714 856 2778 necessitate
886 2714 1074 2789 restituitur,
1105 2712 1146 2778 de
1173 2734 1237 2796 qua

55 2838 92 2881 re
110 2813 196 2898 >quid
212 2812 383 2879 dicendum
400 2819 493 2896 essct,
509 2834 605 2898 supra
621 2814 673 2900 (cf.
688 2837 718 2899 p.
735 2816 787 2899 25)
804 2807 985 2899 expositum
1001 2821 1058 2880 est.
1089 2817 1236 2899 Quinque

55 2924 167 2984 autem
183 2935 294 2982 versus
310 2918 365 2999 qui
380 2917 456 2981 inde
471 2923 647 2999 sequuntur
663 2919 815 3002 (28-32)
831 2919 992 3002 plerisque
1009 2919 1237 3001 interpretibus

56 3021 243 3102 criticisque
259 3018 340 3084 adeo
356 3018 596 3103 dIspIicuerunt,
611 3026 646 3085 ut
661 3022 719 3084 alii
735 3040 842 3085 omnes
859 3021 1007 3103 quinque,
1022 3022 1079 3085 alii
1095 3022 1237 3105 singulos

56 3127 224 3206 suspectos
239 3122 396 3188 habentes
408 3128 570 3206 tamquam
583 3124 706 3207 spurios
722 3123 824 3187 deleri
836 3124 1002 3188 voluerint.
1026 3124 1073 3189 of.
1083 3124 1237 3189 Fritzsoh.

56 3226 101 3292 ad
124 3247 153 3290 v.
170 3227 219 3291 30.
242 3227 376 3289 31-32.
422 3227 484 3303 Qui
507 3246 617 3291 versus
640 3247 736 3309 quam
759 3227 860 3292 exiles
883 3231 980 3309 atque
1003 3228 1118 3310 asperi,
1141 3248 1236 3310 qnam

56 3333 209 3414 expertes
231 3329 297 3393 sint
320 3328 445 3394 consilii
468 3329 672 3412 rationisque,
703 3330 758 3393 vix
789 3349 868 3414 opus
899 3336 948 3394 est
970 3331 1077 3395 verbis
1107 3330 1237 3394 demon-

55 3436 170 3512 strare,
200 3431 348 3513 quoniam
372 3432 427 3514 qui
449 3452 567 3515 gnarus
596 3438 645 3496 est
672 3453 742 3498 oum
766 3432 959 3497 Graecorum
982 3438 1049 3497 tum
1073 3433 1237 3497 Theocriti
1361 3458 1363 3463 ·

55 3535 137 3599 artis
168 3533 331 3618 Poeticae,
360 3535 393 3597 in
422 3535 493 3618 ipsa
522 3534 672 3616 lectione,
702 3541 737 3599 ut
766 3534 845 3598 mihi
875 3535 1017 3615 videtur,
1047 3536 1237 3600 offensiones

54 3637 166 3702 varias
189 3656 297 3700 eorum
327 3657 389 3700 non
419 3638 538 3701 sentire
560 3659 623 3703 non
646 3638 771 3721 poterit.
815 3639 929 3720 Neque
956 3639 1039 3702 enim
1067 3638 1236 3703 verborum
1320 3667 1323 3674 =

55 3743 231 3806 concentus
254 3758 431 3822 congruens
453 3745 639 3824 procreatus
662 3740 807 3805 versibus
830 3742 870 3804 28
894 3745 927 3804 et
951 3742 1004 3804 29:

163 3873 228 3941 Xot
250 3875 310 3959 μὲν
332 3876 449 3953 παῖδες
472 3870 589 3959 ἄυσαν,
612 3875 630 3941 ὁ
654 3879 681 3943 δ’
694 3872 835 3952 αἰπόλος
856 3869 933 3964 ἢνθ’
949 3876 1134 3941 ἐπακούσαι

162 3976 228 4044 Χοὶ
249 3978 310 4062 μὲν
331 3981 447 4056 παῖδες
470 3973 592 4062 ἄειδον,
615 3980 636 4046 o‘
657 3982 685 4046 δ’
699 3977 841 4057 αἰπόλος
863 3972 965 4067 ἤθελε
988 3980 1116 4063 κρίνειν

55 4115 303 4183 admirationem
333 4117 520 4200 cuiusquam
550 4119 681 4199 excitat,
712 4118 773 4183 nisi
803 4117 886 4183 forte
915 4118 997 4199 eius,
1027 4118 1082 4200 qui
1112 4139 1236 4182 omnem

54 4221 122 4287 vim
145 4223 179 4285 et
201 4223 303 4286 artem
332 4220 409 4286 talis
439 4219 568 4286 dicendi
597 4220 719 4305 figurae
750 4225 860 4286 cernat
889 4221 922 4284 in
951 4241 1039 4285 mera
1066 4221 1235 4285 verborum

54 4321 251 4408 repetitione
272 4342 332 4388 neo
354 4327 444 4388 curet
467 4322 580 4386 bonam
605 4321 719 4388 iisdem
739 4323 858 4388 inicere
874 4328 1019 4388 mentem.
1064 4322 1148 4386 Nam
1164 4340 1234 4387 sen·
