2866 4822
572 1322 740 1455 Caput
774 1326 860 1426 III.

156 1530 216 1602 De
243 1530 425 1602 communi
452 1529 607 1625 quadam
634 1529 844 1627 idylliorum
872 1530 968 1604 VIII
994 1538 1030 1604 et
1057 1530 1114 1604 IX
1141 1540 1272 1606 natura

272 1673 382 1762 atque
408 1665 529 1739 indole
556 1665 672 1762 deque
698 1667 900 1740 imitatione
925 1667 1151 1763 Vergiliana.

212 1837 371 1915 Quoniam
408 1836 448 1901 de
481 1835 548 1902 idd.
574 1837 654 1901 VIII
688 1842 721 1902 et
752 1838 801 1901 IX
835 1838 1024 1920 singillatim
1057 1838 1301 1923 disputavimus,

125 1940 285 2023 reliquum
318 1944 380 2020 est,
413 1945 449 2005 ut
482 1960 565 2022 quae
598 1960 703 2004 rerum
737 1940 913 2005 simihtudo
948 1946 981 2005 et
1010 1942 1092 2006 ratio
1121 1942 1302 2008 intercedat

125 2044 209 2108 inter
232 2043 326 2108 ambo
349 2043 491 2107 carmina
513 2042 655 2126 quidque
678 2042 882 2108 efficiendum
905 2044 948 2108 sit
970 2065 1011 2108 ex
1033 2065 1073 2109 ea
1094 2065 1138 2126 re,
1160 2046 1302 2111 breviter

127 2145 330 2212 disseramus,

210 2265 352 2329 Primum
374 2265 474 2348 igitur
497 2263 668 2330 dicendum
698 2270 747 2330 est
777 2264 817 2330 de
847 2267 1115 2350 inscriptionibus.
1160 2268 1300 2332 Dubium

127 2388 195 2434 esse
218 2389 281 2434 non
303 2372 418 2452 potest,
440 2367 518 2451 quin
540 2367 599 2431 Th.
621 2368 690 2452 ipse
717 2369 858 2433 carmina
884 2389 943 2433 sua
972 2369 1076 2435 titulis
1105 2371 1301 2452 instruxerit,

125 2491 188 2554 qua
210 2471 244 2535 in
267 2491 301 2534 re
324 2471 371 2534 ita
393 2471 485 2551 fecit,
514 2473 549 2533 ut
579 2470 732 2553 aequales
762 2471 831 2535 fere
860 2476 977 2555 poetae
1009 2471 1116 2537 facere
1145 2473 1301 2555 solebant,

125 2579 222 2657 atque
244 2578 281 2637 ut
295 2572 428 2638 videbat
449 2573 483 2636 in
506 2573 670 2656 exemplis,
694 2594 776 2656 quae
799 2575 922 2657 etipse
945 2574 1089 2639 imitatus
1112 2582 1162 2640 est
1184 2577 1235 2640 vel
1258 2574 1301 2639 ad

126 2697 208 2759 quae
231 2680 333 2740 artem
356 2676 514 2759 poeticam
538 2675 686 2756 excoluit,
710 2675 791 2756 dico,
813 2681 849 2740 ut
872 2677 953 2742 alios
973 2677 1301 2762 omittam-Epichar-

125 2801 209 2844 mum
233 2783 267 2842 et
289 2779 497 2863 Sophronem,
528 2800 660 2864 quorum
682 2781 715 2843 in
737 2778 882 2862 reliquiis
905 2780 1003 2844 etiam
1026 2801 1207 2846 communes
1230 2802 1300 2846 cum

126 2882 298 2947 Theocrito
321 2882 407 2946 tituli
430 2888 606 2948 occurrunt.
622 2920 664 2928 -
686 2883 897 2966 Inspiciamus
920 2903 1002 2949 nunc
1024 2882 1168 2966 singulas
1191 2883 1301 2965 idylli-

125 3006 214 3049 orum
236 2985 469 3069 inscriptiones.
514 2985 592 3050 (ium
619 2986 753 3051 aliorum
781 2986 953 3050 carminum
982 2985 1106 3051 indices
1128 2984 1224 3050 valde
1247 3008 1303 3050 va-

126 3089 248 3152 rientur
270 3087 301 3150 in
324 3087 429 3169 libris,
456 3088 522 3152 alia
550 3087 672 3152 habent
700 3088 939 3171 inscriptionem
969 3089 1073 3171 magis
1103 3093 1302 3154 constantem

126 3195 158 3255 et
180 3191 369 3275 plerumque
391 3190 612 3273 insigniorem,
635 3211 717 3273 quae
744 3191 785 3254 ob
809 3190 843 3254 id
865 3190 969 3274 ipsum
997 3190 1040 3255 ad
1062 3196 1191 3275 poetam
1218 3191 1302 3256 refe-

126 3291 227 3357 renda
250 3297 306 3357 est.
350 3293 470 3358 Horum
493 3293 525 3356 in
548 3314 677 3357 numero
700 3293 869 3357 habemus:
899 3293 941 3357 id.
961 3294 1008 3375 ll,
1038 3295 1089 3358 cui
1118 3294 1302 3359 inscribitur

129 3392 439 3477 doppcardrprapl,
472 3396 528 3478 qui
561 3396 673 3461 titulus
707 3396 802 3460 mimo
837 3416 964 3478 quoque
994 3396 1169 3480 Sophronis
1202 3397 1301 3462 fuisse

127 3497 228 3563 fertur
252 3496 304 3580 (cf.
322 3497 398 3581 hyp.
418 3498 448 3562 h.
468 3497 535 3580 id),
557 3497 600 3563 id.
619 3498 682 3563 VII
705 3519 776 3564 cum
798 3498 892 3563 titulo
919 3495 1075 3576 Θαλύσια,
1098 3497 1141 3563 id.
1161 3500 1209 3563 XI
1233 3520 1257 3565 c.
1281 3505 1302 3564 t.

127 3596 290 3683 mearco,
312 3599 355 3664 uu
375 3601 440 3664 nu
463 3621 488 3665 e.
508 3605 530 3663 t.
547 3592 663 3686 Άΐιης,
686 3600 729 3665 io.
749 3601 832 3665 run
855 3621 880 3666 a.
901 3605 922 3665 r.
938 3591 1050 3685 Ὕλας,
1072 3599 1115 3665 ru.
1134 3602 1211 3666 mv
1235 3623 1260 3666 a
1280 3607 1302 3666 t.

127 3697 357 3784 Συρακούσιαι
386 3693 683 3789 ἢΆδωνιάςουσαι
713 3702 907 3788 (accepimus
935 3704 1010 3768 huic
1040 3703 1161 3768 similes
1191 3705 1302 3769 titulos

126 3803 214 3889 apud
229 3804 456 3889 Epicharmum
472 3810 505 3870 et
519 3805 738 3890 Sophronam),
761 3804 804 3870 id.
813 3806 892 3870 XVI
907 3826 932 3871 c.
944 3811 966 3870 t.
985 3801 1125 3889 Χάριτες
1146 3799 1166 3893 ἢ
1187 3806 1300 3889 ‘Ic'poon

125 3910 242 3991 Itaque
264 3912 298 3972 et
319 3907 399 3972 VIII
421 3912 455 3972 et
476 3909 525 3972 IX
546 3908 695 3992 idyllium
722 3908 817 3973 titulo
845 3907 953 3992 aliquo
982 3909 1171 3993 inscriptum
1201 3909 1301 3974 fuisse

127 4012 167 4076 ab
190 4012 261 4096 ipso
284 4015 380 4094 poeta
403 4011 568 4095 opinemur
591 4016 725 4095 oportet,
752 4012 780 4076 si
802 4010 897 4076 modo
919 4011 975 4075 ille
998 4032 1037 4076 ea
1064 4012 1302 4096 composuisset.

126 4115 226 4198 Atqui
247 4118 416 4196 utrumque
431 4134 559 4179 carmen
574 4115 695 4198 pariter
710 4115 895 4179 inscribitur
912 4115 1160 4178 Βουκολιασταὶ
1176 4108 1303 4195 Δάφνις

125 4219 181 4281 καὶ
201 4212 390 4292 Μενάλκας.
436 4215 501 4281 Sed
522 4216 711 4282 incredibile
735 4221 784 4282 est
806 4222 934 4301 poetam
956 4217 1155 4301 ingeniosum
1178 4216 1302 4282 duobus

127 4320 321 4386 carminibus
344 4307 480 4384 eundem
507 4318 646 4386 indicem
676 4319 818 4403 dedisse,
848 4321 903 4406 qui
932 4320 1061 4405 insuper
1091 4319 1134 4384 ad
1164 4320 1303 4406 speciem
