2866 4822
131 279 170 342 ld

44 516 49 527 ‚
129 449 300 533 apparebit
322 450 503 515 accuratius
526 449 702 514 conferenti
725 450 819 529 locos,
843 470 912 515 cum
933 450 1022 512 illum
1038 450 1304 515 verisimillimum

129 552 171 617 sit
200 551 326 616 initium
357 553 458 616 sexti
492 553 597 635 potius
628 553 776 617 carminis
798 552 980 617 Theocritei
1011 557 1086 616 ante
1116 552 1227 617 oculos
1254 554 1303 617 vel

128 656 161 718 in
184 656 289 719 animo
312 655 473 735 habuisse,
496 655 653 737 siquidem
673 654 858 721 conceditur
873 656 984 720 verba:
1008 656 1303 740 ,compulerantque

128 777 243 840 greges
266 758 297 821 in
322 760 430 822 unum'
457 759 556 841 probe
583 759 761 823 consentire
784 779 853 822 cum
877 757 996 822 verbis:
1027 751 1221 842 συνάγαγεν
1244 756 1303 823 τὰν

129 852 252 942 ἀγέλαν
275 858 321 936 εἰς
336 856 394 924 ἕνα
407 863 530 942 χῶρον,
554 859 670 924 deiude
686 858 901 940 ,consederat'
920 864 1067 943 spectare
1083 859 1126 923 ad
1142 856 1302 942 ἑζόμενοι,

128 961 237 1043 ,forte’
267 961 309 1026 ad
341 959 446 1039 ποκά,
477 960 614 1044 denique
636 967 781 1046 pastores
804 963 888 1026 sexti
910 961 1030 1043 idyllii,
1053 963 1078 1026 si
1103 963 1303 1028 intellexeris

128 1064 263 1128 extremi
300 1083 412 1129 versus
449 1066 651 1129 sententiam:
690 1068 766 1148 νίκη
803 1061 868 1147 μὰν
906 1056 1084 1140 oidelae,
1123 1055 1302 1151 ἀνήσσατοι

95 1181 96 1185 ’
129 1164 157 1229 d'
174 1165 340 1249 ἐγένοντο,
364 1167 545 1250 expressius
574 1166 636 1232 dici
660 1167 802 1250 potuisse
833 1173 976 1247 ,cantare
999 1167 1114 1250 pares',
1144 1172 1182 1231 ut
1204 1168 1302 1232 verba

128 1288 267 1352 quoque:
297 1269 403 1350 ,ambo
433 1269 581 1334 florentes
612 1269 786 1333 aetatibus'
814 1271 953 1352 repetita
975 1288 1046 1333 esse
1068 1267 1242 1333 videantur
1265 1291 1301 1333 en

128 1371 248 1436 verbis:

304 1481 342 1572 ἧς
365 1483 394 1553 d'
410 1489 430 1554 o‘
451 1490 512 1573 μὲν
536 1480 650 1554 αὐτῶν
672 1485 809 1574 πυρρός,
832 1478 850 1554 ὁ
875 1483 904 1554 δ’
919 1478 1113 1576 ἦμιγένειος,

128 1628 318 1711 praesertim
349 1648 420 1692 eum
451 1633 541 1692 aetas
569 1627 628 1691 hoc
651 1646 745 1691 versu
773 1625 965 1691 adumbrata
994 1625 1160 1711 (videlieet
1192 1627 1301 1693 adule-

129 1728 296 1815 scentium)
320 1734 376 1793 aut
399 1730 523 1794 omnino
554 1733 610 1793 aut
638 1749 763 1812 semper
792 1729 859 1793 fere
882 1729 984 1793 soleat
1006 1728 1189 1812 praedicari
1212 1737 1302 1796 aetas

128 1831 251 1896 florens.
295 1831 342 1896 uf.
365 1830 407 1895 id.
424 1832 493 1911 VII,
508 1834 576 1896 121.
599 1869 641 1877 -

214 1934 326 2016 Neque
360 1933 459 2016 igitur
492 1934 675 1998 coniectura
705 1933 761 1997 illa
791 1932 1187 2016 Koechly-Fritzsehiana
1216 1942 1301 2000 recto

128 2041 164 2100 ut
193 2036 241 2100 ita
269 2035 374 2101 dicam
401 2036 467 2101 talo
490 2042 576 2101 stare
598 2041 704 2120 potest
726 2056 829 2118 neque
852 2036 946 2100 aliter
969 2040 1026 2117 est,
1056 2055 1111 2100 cur
1134 2056 1154 2099 a
1181 2036 1302 2102 tradita

128 2157 209 2203 voce
232 2136 427 2202 recedamus.
436 2138 457 2222 ¹)

214 2241 286 2318 Qua
318 2261 352 2305 re
386 2241 555 2324 explorata
588 2261 757 2324 pergamus
790 2240 833 2305 ad
862 2261 971 2306 vocem
1002 2241 1217 2324 πυρροτρίχω
1248 2263 1302 2307 ex·

128 2342 319 2427 plicandam.
371 2343 417 2407 Ac
450 2342 572 2426 duplici
605 2343 698 2408 modo
730 2364 800 2407 eam
831 2343 993 2426 accipiunt
1021 2343 1215 2426 interpretes
1247 2345 1301 2409 alii

129 2445 274 2530 (Abrens,
298 2446 470 2526 Fritzsche‚
493 2446 649 2526 Meineke,
672 2445 725 2530 al.)
749 2445 789 2510 de
806 2445 927 2510 barbae
942 2446 1046 2529 prima
1061 2445 1223 2528 lanugine,
1246 2447 1301 2511 alii

128 2550 316 2631 (Kiessling,
338 2548 578 2628 Wuestemann‚
600 2548 716 2629 Hiller,
738 2548 791 2632 al.)
819 2547 859 2613 de
887 2548 997 2632 capilli
1021 2548 1133 2613 colore.
1178 2550 1249 2614 Hac
1271 2551 1302 2613 in

128 2652 345 2718 controversia
366 2652 458 2716 nobis
481 2650 672 2716 versandum
695 2657 744 2717 est
766 2657 945 2736 propterea,
967 2651 1052 2734 quod
1075 2651 1117 2717 ad
1140 2674 1207 2717 rem
1231 2675 1302 2737 gra·

128 2756 247 2821 viorem
268 2754 473 2819 iudicandam
490 2775 530 2818 ex
547 2775 586 2818 ea
601 2756 787 2836 quaestione
803 2775 917 2820 novum
934 2759 1126 2819 momentum
1142 2755 1302 2821 redunda-

126 2863 232 2922 turum
255 2876 325 2922 esse
348 2876 520 2940 speramus.
542 2894 584 2902 —

212 2961 352 3025 Primum
389 2960 488 3043 igitur
522 2980 678 3042 quaenam
712 2960 760 3024 vis
797 2960 900 3025 subsit
933 2961 1005 3025 voci
1038 2953 1302 3047 πορρὸτριχος,ἳ)

128 3067 319 3146 quaerentes
341 3062 437 3128 facile
460 3063 677 3146 intellegimus
700 3084 739 3127 ea
761 3063 894 3127 crinium
917 3063 1053 3128 colorem
1076 3062 1213 3128 similem
1237 3066 1304 3148 igni

128 3166 240 3232 notari.
284 3165 348 3232 Sed
379 3186 450 3231 enm
481 3166 565 3247 ignis
595 3166 716 3231 colores
738 3165 846 3230 multis
869 3164 1059 3230 differentiis
1083 3166 1304 3232 subtilioribus

128 3269 246 3334 variari
276 3268 398 3352 possint
424 3268 507 3332 inter
528 3289 722 3352 purpureum
745 3273 777 3333 et
798 3267 968 3351 pallidum,
999 3288 1167 3350 quemnam
1191 3268 1304 3334 distin-

128 3372 258 3438 otiorem
282 3377 379 3456 po’e'ta
401 3372 537 3436 colorem
560 3373 619 3437 sub
640 3392 718 3442 voce
739 3369 867 3456 πυρρός
890 3372 995 3436 animo
1018 3372 1080 3436 sibi
1103 3372 1305 3455 cogitaverit,

128 3495 220 3558 porro
254 3474 498 3557 quaerentibus,
535 3474 621 3557 quod
658 3495 761 3558 pauca
794 3474 944 3558 exempla
977 3473 1063 3557 apud
1097 3475 1304 3540 Theocritum

129 3597 231 3660 eaque
261 3579 332 3661 ipsa
363 3581 570 3642 controversa
599 3582 740 3659 exstent,
769 3583 855 3642 certo
883 3575 1061 3642 diiudicare
1089 3575 1224 3642 difficile
1248 3584 1305 3644 est.

215 3765 235 3833 ¹)
253 3763 351 3832 Itaque
364 3768 440 3817 certo
453 3763 619 3816 reiciendum
633 3770 683 3831 est,
697 3763 772 3832 quod
784 3763 849 3818 alibi
861 3764 1034 3832 proponitur:
1048 3755 1155 3833 ἐφάβω.
1179 3762 1304 3833 Itemque

127 3864 270 3918 perperam
283 3849 366 3903 vertit
378 3849 465 3903 Oouat
478 3850 516 3916 (la
527 3847 621 3918 poesie
634 3849 819 3902 Alexandrina
833 3853 894 3917 eto,
913 3849 989 3903 Paris
1003 3853 1069 3902 1882
1081 3865 1108 3917 p.
1121 3849 1196 3916 418):
1215 3848 1304 3904 «Touo

127 3931 169 3989 les
188 3935 260 3989 deux
279 3933 379 3989 etaient
396 3934 543 4003 imberbes,
562 3941 625 3988 tous
643 3935 684 3988 les
703 3935 775 3988 deux
794 3934 993 3989 adolescents».

213 4021 236 4088 ²)
255 4019 335 4082 Quod
353 4021 531 4089 πυρροτρίχω
556 4020 734 4074 derivandum
759 4026 801 4075 est
824 4020 859 4074 ab
883 4020 934 4073 hac
956 4036 1025 4073 nom.
1046 4020 1115 4088 sing.
1133 4018 1231 4089 forma,
1254 4036 1302 4088 pro

128 4118 183 4172 qua
200 4104 326 4159 usitatior
344 4109 386 4158 est
404 4098 571 4174 πυρρόθριξ,
589 4122 643 4158 non
663 4105 787 4159 offendit.
816 4104 855 4159 cf.
869 4105 952 4158 schol.
972 4104 1007 4158 ad
1025 4105 1049 4158 h.
1062 4121 1097 4172 v,
1116 4104 1210 4172 Eurip.
1223 4105 1302 4158 Here.

127 4186 179 4244 fur.
198 4195 248 4243 934
266 4183 395 4258 εὐτρίχου
413 4183 562 4259 γενειάδος,
584 4195 725 4259 praeterea
741 4190 878 4257 Kuehner‚
902 4189 990 4243 Gram.
1010 4189 1094 4257 dgr.
1114 4188 1173 4256 Spr.
1193 4188 1302 4257 (Blaeso),

129 4276 203 4329 1890.
222 4275 243 4344 I,
262 4274 278 4344 ξ
293 4278 349 4343 151,
368 4279 391 4328 2.
406 4279 429 4344 3,
447 4273 484 4327 id.
503 4291 529 4342 p.
543 4280 600 4343 551,
615 4279 671 4343 506,
686 4279 742 4328 510.
779 4273 819 4329 Cf.
840 4276 920 4328 ctiam
939 4274 1073 4328 adiectiva
1091 4273 1215 4328 similiter
1233 4290 1302 4329 eom·

126 4361 228 4429 posita,
247 4364 277 4413 ut
295 4354 464 4430 ξανθόθριξ,
483 4353 648 4430 χρυσόθριξ,
666 4353 832 4430 permeate,
850 4360 882 4413 al.
902 4360 993 4414 multa.
1011 4391 1045 4399 -
