2866 4822
209 263 252 326 94

209 433 291 498 9661>
307 434 359 498 33:
382 433 438 496 καὶ
460 427 584 508 πάντες
608 431 642 495 δὲ
665 430 697 495 οὶ
720 427 805 514 πρὸς
828 426 956 513 ίίρκτον
979 426 1199 513 πυρρότριχες
1226 432 1284 494 καὶ
1311 436 1385 495 λεπ-

208 533 357 617 τότριχές
379 534 463 599 εἰσιν
485 532 673 619 (rotblond);
695 535 847 618 Hippour.
867 555 897 619 p.
913 536 984 615 292,
1000 535 1054 598 44:
1077 530 1211 617 πυρρὸν
1233 531 1273 598 τὸ
1298 539 1384 599 Σκυ-

208 635 311 702 δικδν
333 638 429 721 γένος
452 630 506 701 διὰ
527 633 567 700 τό
587 638 704 720 ψῦχος,
729 627 792 701 οὐκ
813 635 1049 719 ἐπιγενομένου
1065 627 1169 717 ὀξέως
1189 640 1252 701 τοῦ
1268 630 1384 723 ἡλίου·

208 737 276 805 unt
301 740 336 804 δὲ
357 743 423 804 τοῦ
446 735 568 822 ψύχεος
590 728 610 825 ἦ
633 737 795 824 λευκότης
818 737 1002 803 ἐπικαίεται
1024 739 1080 802 καὶ
1103 740 1253 822 γίγνεται
1276 734 1385 824 πυρρὴ

209 840 392 927 (rotbluud).
437 841 548 906 Galen.
571 840 744 906 Comment.
767 842 800 904 in
831 841 850 907 l.
879 865 913 905 π.
941 831 992 924 ὑγ.
1021 841 1147 925 διαίτης
1177 861 1207 924 p.
1231 842 1305 923 337,
1334 843 1384 906 36:

210 945 394 1026 Germanos,
416 944 471 1024 ait,
495 964 556 1008 non
579 939 740 1024 ξανθούς,
768 943 826 1008 sed
849 939 999 1027 πυρρούς
1023 942 1176 1008 dicendos
1199 962 1271 1009 esse
1300 942 1383 1028 (sub-

209 1048 342 1128 rutilus).
385 1047 501 1111 Pollux
524 1046 579 1127 lv,
603 1047 664 1110 149
697 1041 841 1128 (κωμικὰ
869 1042 1063 1129 πρόσωπα);
1093 1057 1234 1129 σπεῖραν
1263 1049 1384 1128 τριχῶν

209 1151 352 1233 πυρρῶν
366 1185 409 1193 -
423 1143 616 1230 πυρρόθριξ
631 1185 673 1193 -
688 1147 904 1213 verisimiliter
924 1165 1033 1212 russus
1052 1147 1246 1230 intelligitur
1268 1146 1383 1232 (luchs-

209 1250 280 1335 rot).
325 1251 456 1315 Aristot.
472 1249 565 1314 Rhet.
582 1251 607 1331 1,
624 1251 663 1314 15
687 1248 804 1334 (137512
820 1248 885 1333 34):
910 1250 1039 1336 Κρατίᾳ
1053 1246 1254 1334 πυρρότριχι
1271 1249 1383 1334 (Solon.

210 1354 269 1437 frg.
286 1353 348 1437 22).
364 1391 406 1399 —
427 1351 576 1417 Crebrius
600 1353 698 1416 etism
720 1352 841 1417 barbae
864 1352 950 1416 color
973 1351 1158 1436 depingitur
1180 1373 1260 1418 voue
1285 1377 1332 1429 π,
1352 1357 1383 1416 ut

209 1456 323 1521 Aeseh.
339 1457 425 1520 Pers.
442 1457 517 1523 316:
540 1449 673 1540 πυρσην
696 1457 853 1538 ζαπληθῆ
878 1451 1016 1519 δάσκιον
1037 1452 1200 1538 γενειάδα,
1225 1455 1333 1521 Diuse.
1354 1455 1383 1519 in

210 1559 306 1623 Anth.
326 1559 393 1622 Pal.
413 1558 484 1640 VII,
505 1559 578 1622 707:
609 1557 733 1641 Σίρτος
763 1546 780 1620 ὁ
811 1556 1057 1640 πυρρογένειος,
1086 1562 1183 1640 atque
1214 1558 1382 1642 praecipue

210 1662 312 1727 barba
334 1661 502 1744 incipiens:
525 1659 656 1724 Aristot.
679 1683 712 1723 π.
734 1655 923 1742 χρωμάτων
946 1660 1101 1725 7971230:
1125 1650 1250 1742 ὁμοίως
1275 1659 1382 1724 δὲκαὶ

210 1765 286 1847 περὶ
320 1756 383 1847 την
412 1756 497 1848 ἥβην
527 1764 582 1826 καὶ
612 1758 651 1825 τδ
686 1762 826 1844 γένειον,
860 1754 944 1824 ὅταν
977 1754 1143 1844 ἄρχονται
1174 1758 1215 1826 τό
1248 1764 1383 1844 πρῶτον

208 1866 294 1953 ἡβᾶν
316 1866 373 1929 καὶ
398 1868 539 1949 γενειᾶν,
566 1864 622 1928 καὶ
649 1853 748 1928 αὗται
776 1864 908 1947 (τρίχες)
936 1864 1088 1947 γίνονται
1110 1855 1182 1928 κατ’
1204 1857 1308 1948 σίρχάς
1327 1865 1382 1947 μὲν

210 1970 335 2053 πυρραὶ
370 1967 495 2050 ταχέως
525 1963 578 2030 διὰ
608 1962 670 2053 την
703 1959 881 2051 ὀλιγότητα
915 1967 973 2053 τῆς
1006 1956 1166 2051 ὑγρασίας
1200 1965 1237 2031 ἓν
1272 1958 1381 2042 αὐταῖς

211 2069 537 2155 καταξηραινομὲνης
571 2105 609 2114 ν-
643 2069 859 2151 μελαίνονται
892 2065 1002 2133 πάλιν.
1065 2069 1135 2134 Ηοο
1168 2070 1381 2134 testimonium

211 2173 435 2258 gravissimum
459 2176 516 2253 est,
539 2172 616 2253 quia
638 2192 678 2235 ex
702 2192 739 2235 eo
766 2171 919 2236 discimus
944 2171 1068 2255 primae
1098 2171 1220 2236 barbae
1251 2173 1382 2238 colorem

211 2277 398 2361 plerumque
431 2274 499 2339 sive
533 2266 606 2338 κατ’
633 2270 750 2359 ἐξοχὴν
783 2295 861 2339 vose
894 2271 1023 2358 πυρρός
1060 2275 1279 2358 significatum
1312 2294 1383 2355 esse,

211 2399 307 2461 quem
340 2377 556 2460 intellegimus
590 2376 777 2442 subflavum.
829 2378 871 2441 ut
904 2377 965 2442 hoc
998 2376 1128 2459 quidem
1161 2377 1229 2442 alia
1264 2397 1384 2461 quoque

212 2481 361 2564 exempla
383 2479 558 2544 affirmant:
581 2480 655 2543 Eur.
671 2478 789 2544 Phoen.
806 2482 859 2560 323
882 2479 1139 2560 uneoer.v1‚3;
1162 2480 1233 2561 XV,
1255 2482 1317 2546 130
1338 2479 1382 2561 (s.

212 2580 547 2667 disp.antec.p.16).
591 2582 699 2664 Atque
728 2581 816 2647 haud
847 2583 913 2648 seio
935 2603 977 2646 an
1005 2582 1050 2647 sie
1073 2601 1201 2665 quoque
1229 2583 1383 2667 aecipien-

213 2686 289 2750 dum
318 2686 361 2751 sit
387 2683 469 2748 illud
498 2685 714 2769 πυρροπίπης
744 2684 776 2747 in
805 2684 967 2769 Aristoph.
988 2686 1067 2767 Equ.
1088 2687 1159 2750 407.
1204 2685 1324 2750 Contra
1348 2684 1383 2751 ef.

212 2787 304 2853 Pind.
327 2787 423 2869 Pyth.
445 2787 500 2868 IV,
524 2789 599 2851 225:
630 2789 763 2867 ξανθᾶν
793 2783 924 2870 γενύων
953 2792 986 2851 et
1015 2788 1148 2852 Theour.
1170 2788 1213 2870 ΙΙ,
1237 2789 1292 2854 78;
1321 2799 1384 2862 τοῖς

213 2884 241 2955 δ
256 2883 300 2978 ἢν
320 2889 513 2972 ξανθοτίρα
539 2889 601 2971 μὲν
629 2885 815 2973 ἓλιχρύσοιο
844 2885 971 2973 γενειάς
994 2888 1121 2974 (aureus
1145 2919 1186 2943 =
1208 2889 1384 2974 goldgelb);

212 2993 264 3058 his
286 2999 393 3058 tamen
415 2991 494 3057 lueis
516 2990 640 3056 duobus
663 3011 771 3057 rursus
790 2991 886 3076 plena
905 2992 1160 3058 barbarinorum
1180 2991 1315 3077 depicta
1333 2997 1384 3057 est

298 3096 348 3158 Ex
384 3095 435 3160 his
467 3095 566 3177 igitur
599 3094 790 3159 testimoniis
828 3099 861 3159 et
894 3096 1063 3179 exemplis,
1096 3116 1179 3179 quae
1213 3096 1383 3176 attulimus,

213 3197 359 3264 videmus
381 3197 452 3262 voci
475 3194 603 3280 πυρρός
626 3216 696 3262 esse
723 3197 908 3280 ampliorem
938 3198 1207 3282 significationum
1234 3199 1384 3264 ambitum

214 3307 247 3367 et
269 3301 459 3366 varietatem
490 3300 629 3364 solorum
660 3320 756 3382 quarn
779 3301 851 3365 roei
880 3298 1022 3381 ξανθδς,
1053 3321 1136 3384 quae
1158 3306 1268 3366 tamen
1297 3319 1383 3367 voees

214 3403 374 3468 interdurn
408 3403 586 3486 promiscue
616 3402 699 3466 inter
729 3423 763 3468 se
796 3409 1002 3486 usurpantur3
1035 3408 1164 3468 notatur
1197 3405 1283 3469 enim
1312 3423 1383 3469 vose

214 3502 342 3590 πυρρός
364 3526 426 3571 non
442 3506 544 3570 solum
566 3504 652 3568 idem
675 3504 761 3570 color
779 3526 817 3571 ae
832 3525 910 3570 voce
932 3501 1069 3587 ξανθός,
1092 3505 1149 3571 sed
1169 3506 1384 3590 significantur

215 3609 312 3674 etium
334 3609 392 3673 illa
414 3609 438 3672 ii
461 3609 591 3689 colores,
614 3609 645 3671 in
669 3629 748 3691 quus
771 3613 906 3691 utroque
929 3604 1055 3689 ξανδός
1079 3609 1167 3674 exire
1190 3614 1307 3694 potest,
1328 3609 1347 3673 i.
1362 3629 1383 3672 e.

213 3712 246 3774 in
269 3711 398 3775 rubrum
421 3715 453 3774 et
475 3711 509 3774 in
530 3709 687 3793 pallidum
716 3711 1069 3793 inclinantesmolores,
1099 3710 1240 3795 denique
1263 3707 1383 3795 πυρρός

214 3813 314 3878 habet
343 3811 477 3877 eandem
507 3812 575 3876 fere
605 3813 744 3877 colorum
774 3812 1032 3897 amplitudinem,
1061 3833 1141 3897 quos
1171 3816 1244 3899 πῦρ
1274 3813 1383 3880 ducere

214 3920 329 4000 potest,
352 3920 385 3979 et
407 3935 478 3980 eum
501 3914 604 3979 barba
626 3915 781 3998 incipiens
805 3936 841 3980 eo
872 3915 1046 3998 indicatur,
1076 3915 1161 3982 color
1190 3916 1276 3982 flavo
1298 3916 1383 4001 palli·

215 4018 286 4084 dior
308 4017 438 4083 videtur
459 4017 697 4101 intellegendus
719 4038 802 4100 esse,
825 4019 908 4084 sieut
930 4039 1028 4103 supra
1049 4020 1216 4084 Platonem
1240 4025 1274 4085 et
1297 4020 1383 4086 Gale·

213 4142 299 4186 mum
322 4120 410 4186 vocis
433 4120 700 4204 significationem
723 4120 855 4185 definire
878 4123 1091 4205 eognovimus.

676 4382 930 4391 ——n-—a-—m--u—
