2866 4822
205 228 246 294 Vd

203 397 375 462 I—XVIII
390 397 519 481 occurit,
541 396 668 481 deinde,
691 397 775 483 quod
798 417 908 464 versus
932 399 981 481 19,
1003 398 1093 466 ouius
1112 398 1147 463 in
1165 397 1251 483 pede
1267 402 1374 483 quarto

204 503 237 564 et
259 497 419 583 spondeus
441 505 516 564 ante
539 519 702 565 caesuram
726 499 905 566 bucolicum
933 505 966 564 et
991 500 1100 565 hiatus
1126 520 1189 565 non
1216 499 1374 584 legitimus

203 601 297 666 simul
327 600 537 666 admittantur
560 597 668 686 (χόρια
693 608 750 685 ζεῖ,
771 601 774 687 l
793 591 830 666 ἓν
859 603 941 687 πυρί
971 603 1011 668 cf.
1033 603 1147 667 Kunst.
1174 601 1196 667 l.
1215 602 1236 667 l.
1264 623 1294 687 p.
1318 602 1374 687 58),

204 724 315 787 parum
339 723 504 769 numerose
527 703 628 786 cadit,
655 725 750 787 quam
773 709 809 769 ut
830 705 1002 770 Theocrito
1025 702 1258 770 adscribamus.
1282 743 1321 752 -
1342 706 1374 769 In

203 810 295 890 parte
318 805 500 890 Daphnidis
524 806 564 890 (v.
582 806 698 891 7-13)
725 807 865 890 vestigia
886 811 952 872 tam
977 811 1065 872 certa
1087 811 1219 890 tamque
1242 806 1375 891 insignia

204 928 315 974 manus
338 908 464 972 alienae
487 914 522 973 ut
545 908 657 973 in'illa
679 914 771 992 parte
794 930 855 974 nou
872 907 1074 993 deteguntur.
1111 908 1219 992 Atque
1235 910 1375 991 Brinlrer,

204 1012 258 1094 qui
289 1009 552 1076 similitudinibus
582 1012 693 1095 paucis
723 1010 996 1077 intersedentibus
1029 1012 1112 1076 iuter
1141 1011 1226 1077 hanc
1257 1016 1375 1095 partem

204 1119 237 1178 et
266 1114 347 1178 alios
376 1113 548 1178 carminum
578 1113 665 1179 locos
696 1112 747 1198 (cf.
765 1114 801 1194 V,
824 1115 932 1194 33s34.
956 1115 1063 1194 56J57.
1094 1113 1148 1194 Vl,
1173 1115 1238 1179 16..
1255 1115 1329 1196 XII,
1347 1116 1374 1194 93

205 1217 302 1281 ceteri
325 1216 387 1280 loci
410 1236 430 1279 a
453 1215 608 1281 Brinkero
631 1217 671 1299 (p.
688 1215 741 1300 34)
764 1216 858 1280 asciti
881 1215 1007 1281 omuino
1029 1237 1091 1281 non
1113 1215 1275 1280 afferendi
1297 1216 1374 1299 sunt)

204 1338 259 1383 eos
282 1337 541 1400 quoqueversus
564 1317 695 1402 (7-13)
719 1339 793 1399 ,non
809 1317 973 1383 Theocriti
995 1317 1105 1401 ipsius,
1128 1316 1186 1383 sed
1209 1318 1375 1383 imitatoris

203 1419 382 1485 felicissimi
404 1421 487 1484 esse’
510 1418 710 1501 iudicaverit,
734 1424 820 1485 certe
842 1419 928 1484 latus
951 1424 1105 1503 apertum,
1132 1424 1167 1484 ut
1194 1419 1243 1485 ita
1267 1419 1375 1500 dicam,

204 1521 261 1586 dat
284 1520 469 1587 adversario
493 1521 611 1586 critico.
656 1520 720 1586 Sed
744 1522 924 1605 suspicione
951 1522 1049 1586 semel
1076 1526 1154 1587 nata
1180 1522 1308 1588 animus
1334 1522 1375 1586 in-

204 1625 322 1690 citatur
344 1622 387 1687 ad
410 1623 611 1706 quaerendas
641 1624 723 1689 alias
753 1643 816 1705 res,
848 1623 963 1706 quibus
993 1624 1050 1688 illa
1079 1629 1136 1688 aut
1165 1623 1375 1709 redarguatur

204 1734 260 1792 aut
283 1726 492 1791 confirmetur.
536 1727 649 1809 Neque
673 1747 730 1791 cae
754 1726 906 1792 deficiunt
928 1727 960 1789 in
983 1726 1045 1791 hac
1067 1730 1168 1811 parte.

290 1829 457 1894 Sententia
479 1829 577 1909 enim,
600 1849 682 1910 quae
705 1828 850 1894 versibus
875 1831 914 1893 10
938 1833 970 1893 et
993 1830 1031 1893 11
1057 1829 1251 1910 continetur,
1274 1828 1375 1911 habet,

205 1952 287 2015 quae
310 1936 406 1996 acuta
426 1936 532 1995 mente
556 1932 699 1996 cernenti
730 1932 809 1996 satis
840 1929 1012 2014 displicere
1041 1931 1172 2015 possint.
1217 1932 1304 1996 Nam
1332 1936 1375 1995 ut-

205 2054 328 2116 cunque
352 2054 421 2098 eam
445 2033 626 2116 aspicimus,
649 2033 754 2098 omnia
770 2053 853 2116 quae
869 2032 910 2096 de
930 2033 1072 2098 iuvencis
1089 2033 1268 2116 (δαμαλᾶν)
1288 2054 1375 2118 prae-

205 2138 361 2219 dicantur,
383 2136 497 2201 melius
520 2137 701 2219 rectiusque
724 2137 884 2220 pertinent
907 2135 950 2200 ad
973 2156 1086 2219 capras
1109 2134 1176 2220 (vel
1191 2137 1296 2220 oves):
1317 2136 1375 2220 pri-

204 2260 289 2303 mum
319 2259 380 2302 non
409 2237 515 2319 boum,
545 2236 602 2303 sed
625 2258 792 2321 caprarum
814 2237 916 2322 pelles
943 2242 1072 2322 propter
1098 2238 1251 2302 maiorem
1279 2239 1375 2304 molli-

205 2341 281 2405 tiem
311 2339 450 2403 maxime
480 2338 615 2403 idoneae
645 2344 717 2403 sunt
747 2344 780 2404 et
809 2340 876 2404 fere
906 2339 1101 2403 adhibentur
1130 2343 1164 2402 et
1193 2337 1238 2403 ad
1268 2358 1376 2424 corpus

205 2440 406 2507 vestiendum
422 2445 454 2505 et
469 2439 512 2505 ad
528 2440 633 2505 cubile
649 2441 854 2506 sternendum
870 2440 922 2526 (cf.
938 2440 980 2506 id.
997 2441 1067 2522 Vll,
1084 2442 1137 2522 15]
1142 2443 1190 2506 16.
1207 2441 1244 2523 V,
1260 2443 1376 2525 sossi),

205 2543 323 2608 deinde
346 2544 511 2628 epitheton
536 2540 654 2618 λευκός
684 2542 879 2609 commodius
910 2544 1014 2628 capris
1044 2543 1152 2625 datur,
1181 2548 1218 2608 ut
1245 2544 1306 2626 ΙΙΙ,
1327 2545 1377 2623 34;

205 2648 293 2727 VIII,
309 2648 359 2728 49,
382 2667 477 2728 quam
500 2645 602 2710 bobus
626 2645 677 2728 (cf.
698 2646 752 2728 IV,
772 2648 821 2710 20.
841 2647 891 2728 45,
918 2645 977 2711 sed
999 2646 1101 2728 XXV,
1123 2647 1184 2711 129
1204 2664 1274 2729 sqq.
1297 2646 1376 2712 tauri

207 2755 280 2814 sunt
302 2749 367 2812 albi
390 2753 518 2832 praeter
541 2747 814 2831 consuetudinem,
838 2753 873 2812 ut
896 2748 1015 2814 eximia
1043 2768 1149 2812 eorum
1180 2749 1377 2832 praestantia

206 2859 238 2916 et
261 2852 377 2916 raritas
400 2851 622 2935 significetur),
652 2856 719 2914 tum
743 2846 894 2934 κόμαρον
916 2851 1095 2934 τραγοίοας
1125 2850 1233 2915 νοτίοιο
1263 2849 1377 2917 dicitur

206 2954 442 3038 decapulant
467 2954 501 3035 V,
523 2955 596 3017 129:
623 2954 679 3017 καὶ
707 2951 742 3016 s'v
767 2949 942 3037 κομάροισι
965 2954 1100 3018 κέονται
1128 2951 1215 3037 (nam
1238 2950 1378 3034 κύτισος,

205 3057 344 3140 elysios,
361 3069 480 3139 σχῖνος,
501 3053 644 3131 κότινος,
660 3049 807 3139 κόμαρος
823 3075 843 3119 a
858 3056 963 3139 capris
978 3056 1150 3139 praecipue
1166 3060 1317 3120 amantur
1332 3060 1377 3120 at-

206 3180 268 3242 que
300 3158 444 3241 eduntur,
474 3157 513 3222 cf.
534 3159 570 3239 V,
592 3159 660 3222 100.
687 3159 756 3222 128.
779 3160 849 3224 129.
873 3158 966 3241 Verg.
989 3158 1046 3223 eol.
1069 3157 1094 3239 I,
1114 3158 1162 3222 78.
1186 3157 1228 3239 ΙΙ,
1250 3159 1301 3222 64.
1323 3159 1378 3239 ΙΙΙ,

206 3262 291 3344 821);
314 3266 347 3325 et
369 3283 389 3326 a
412 3261 525 3325 bobus:
549 3259 737 3344 αἰγὶαορος,
759 3255 872 3342 abigo,
895 3261 1056 3344 μελίτεια,
1081 3257 1175 3323 ἐλαία
1198 3259 1238 3325 cf.
1254 3260 1310 3341 IV,
1332 3261 1378 3324 25.

206 3367 255 3429 lo.
280 3365 372 3447 Verg.
388 3364 501 3446 Georg.
520 3364 579 3443 ΙΙΙ,
595 3362 683 3447 300),
716 3360 854 3444 deniqne
877 3363 909 3426 in
932 3361 1071 3446 scopulis
1092 3363 1276 3447 praeruptis
1300 3355 1378 3447 (dud

206 3466 358 3551 σκοπιᾶς)
386 3467 489 3532 minus
517 3465 615 3530 boves
638 3486 733 3548 quam
756 3485 872 3549 caprae
896 3465 946 3529 vel
975 3465 1101 3530 omnino
1128 3484 1246 3548 pecora
1268 3464 1379 3549 vagari

207 3570 317 3636 solent.
363 3570 409 3635 Cf.
434 3570 527 3652 Verg.
549 3569 605 3634 ecl.
625 3570 649 3649 Ι,
671 3570 711 3633 74
731 3590 800 3652 sqq.
822 3570 864 3650 ΙΙ,
885 3571 934 3633 21.
956 3570 1015 3648 ΙΙΙ,
1036 3569 1142 3646 alfes.
1187 3569 1304 3651 ltaque
1328 3568 1379 3632 vix

206 3672 381 3738 errabimus
404 3671 597 3737 conicientes
624 3672 707 3737 hunc
736 3671 842 3736 locum
871 3692 931 3736 non
962 3671 1003 3735 ab
1032 3670 1118 3736 omni
1146 3675 1240 3753 parte
1270 3690 1380 3736 sanum

207 3773 307 3859 esse2)
342 3780 439 3857 atque
473 3773 670 3857 dubitamus,
703 3778 808 3839 utrum
841 3773 1077 3857 conglutinator
1111 3771 1265 3856 δαμαλᾰο
1299 3793 1379 3840 oom-

292 3961 312 4029 1)
332 3960 419 4015 Dulce
436 3961 502 4015 satis
519 3961 624 4030 humor,
642 3961 765 4030 depulsis
782 3959 894 4014 arbutus
912 3957 1015 4013 haedis.
1028 3989 1060 3997 —
1072 3957 1186 4013 arbutus
1200 3982 1231 4004 =
1244 3951 1379 4029 κόμαρος.

290 4047 313 4116 2)
332 4047 385 4100 Cur
402 4046 511 4100 tandem
532 4038 641 4110 ἁπάσας
657 4046 686 4101 in
702 4045 756 4101 fine
772 4061 798 4101 r.
814 4049 845 4101 10
862 4047 1020 4113 corruptum
1036 4042 1177 4111 habeatur,
1201 4059 1312 4099 causam
1329 4061 1380 4099 nou

207 4132 300 4197 vide03
332 4147 392 4186 nam
421 4123 531 4195 ἁπάσας
556 4132 628 4187 bene
653 4131 681 4184 ln
933 4126 1024 4183 uelles
1052 4127 1092 4183 ibi
1118 4129 1291 4198 constipatae
1321 4133 1381 4184 sunt

208 4217 325 4271 omnium
351 4231 443 4270 earum
468 4216 566 4286 boum,
599 4230 605 4240 ¹
949 4208 991 4267 ulo
1016 4210 1161 4268 deiecerat.
1203 4212 1332 4268 Ceterum
1357 4213 1379 4267 si

206 4303 303 4359 volunt
321 4303 513 4360 emendationir
945 4286 1052 4369 abac
1068 4303 1100 4355 nt
1116 4298 1164 4370 XI,
1178 4304 1218 4356 ta.
1237 4331 1271 4341 -
