2866 4822
128 246 170 309 44

128 414 346 499 componendi,
377 415 516 499 denique
539 436 685 481 numeros
707 436 853 480 versuum
878 416 982 480 minus
1004 415 1130 495 faciles,
1161 437 1309 481 nonnun-

128 539 222 602 quam
244 519 500 584 intolerabilibus
523 519 662 584 licentiis
684 519 875 601 inquinatos,
898 519 963 581 iarn
985 539 1026 582 ex
1046 518 1097 582 bis
1119 519 1216 584 rebus
1240 540 1308 584 orn-

127 622 220 687 nibus
242 620 402 686 redundat
424 641 520 685 unum
543 621 602 687 hoc
626 620 791 687 iudicium:
818 639 951 686 versus
980 623 1090 684 1-32
1118 641 1190 685 non
1218 628 1309 686 sunt

127 728 264 808 poetae
294 724 536 808 Syracusani.

212 827 282 890 Iam
304 846 324 890 a
344 845 438 891 versu
455 829 495 891 33
518 825 641 891 orditur
664 846 790 892 carmen
814 825 992 908 elegiacum
1012 827 1155 909 apueris
1171 826 1307 892 alternis

127 926 313 1010 canendum,
336 927 422 1011 quod
445 929 584 1012 pertinet
608 949 708 1011 usque
730 927 773 993 ad
796 949 824 992 u.
840 929 889 992 60.
928 927 1026 992 Cuius
1042 933 1189 992 naturam
1207 935 1306 1012 atque

127 1029 267 1095 indolem
289 1036 325 1095 ut
347 1036 536 1115 spectemus,
567 1030 765 1096 commodum
795 1031 856 1095 erit
887 1030 984 1095 aliam
1014 1051 1052 1095 ao
1075 1050 1172 1114 supra
1200 1033 1305 1113 inqui-

126 1131 217 1198 rendi
240 1133 395 1198 rationem
419 1140 451 1197 et
474 1134 559 1198 viam
582 1135 685 1216 sequi3
709 1153 812 1215 neque
831 1133 930 1215 igitur·
946 1152 1072 1198 versum
1088 1138 1162 1217 post
1178 1155 1304 1198 versum

127 1240 370 1320 pertractantes,
393 1235 451 1301 sed
473 1238 655 1301 universum
678 1237 782 1319 magis
804 1234 885 1300 illud
908 1234 1148 1301 considerantes
1165 1257 1233 1300 rem
1249 1259 1304 1301 en-

128 1339 248 1422 plicare
271 1338 464 1404 conabimur.
508 1340 579 1417 Qua
606 1338 647 1403 de
671 1357 768 1403 causa
797 1338 877 1403 utile
907 1342 957 1403 est
986 1336 1171 1403 adscribere
1203 1345 1303 1404 totum

127 1446 162 1505 ut
185 1446 234 1505 est
256 1440 412 1505 traditum
434 1461 560 1506 carmen
585 1442 755 1506 alternum:

584 1615 847 1679 ΜΕΝΑΛΚΑΣ.

191 1718 231 1781 33
267 1711 380 1799 Ἄγπεα
404 1716 459 1779 καὶ
482 1719 639 1798 ποταμοί,
662 1719 759 1780 θεῖον
782 1715 886 1799 γένος,
908 1715 945 1780 αί
964 1739 997 1779 τι
1019 1712 1201 1793 Μενάλκας

331 1815 452 1905 πήποχ’
477 1811 494 1882 ὃ
519 1815 697 1901 συοιγκτάς
720 1818 901 1900 προςφιλὲς
925 1805 982 1906 doe
1004 1820 1112 1901 μέλος,

276 1917 422 1999 βόσκοιτ’
446 1921 483 1984 ἐκ
507 1924 615 2003 ψυχάς
636 1916 695 1995 τάς
718 1913 873 2003 άμνάάας.
896 1913 938 2003 ἢν
962 1922 997 1985 δὲ
1019 1922 1098 1984 ποκ’
1121 1919 1208 2003 dudi]

332 2019 457 2104 Δάφνις
480 2018 565 2106 ἔχων
589 2021 747 2106 δαμάλας,
769 2023 872 2108 μηδὲν
895 2018 1035 2088 ἔλασσον
1059 2021 1135 2106 ἔχοι.

622 2197 809 2260 ΛΑΦΝΙΣ.

191 2300 230 2363 37
276 2301 397 2381 κρᾶναι
420 2298 475 2361 καὶ
498 2295 646 2380 βοτάναι,
668 2294 833 2382 γλυκερὸν
856 2293 976 2378 φυτόν,
998 2296 1097 2379 α’ίπεο
1114 2287 1234 2380 ὁμοῖον

330 2400 502 2482 μονοίσάει
525 2399 649 2480 Δάφνις
673 2413 781 2464 ταῖσιν
804 2392 963 2485 άηδονίσι,

277 2507 380 2568 τοτ’-το
403 2499 443 2568 τὸ
468 2492 653 2582 βουκόλιον
674 2503 823 2567 πιαίνετε
839 2553 846 2567 .
862 2495 925 2589 κῆν
947 2526 979 2566 τι
1002 2495 1180 2578 Μενάλκας

330 2596 411 2670 ταδ’
429 2597 543 2689 α’γάγγγ,
563 2607 693 2688 χαίρων
714 2600 854 2686 ἄφθονα
876 2600 986 2670 πάντα
1010 2605 1111 2688 νέμοι.

693 2781 737 2842 Μ.

189 2883 229 2946 41
274 2882 386 2968 παντᾷ
409 2878 476 2964 ἔαρ,
498 2883 609 2968 παντᾷ
633 2879 668 2945 δὲ
692 2881 797 2964 νομοί,
819 2882 932 2968 παντᾷ
956 2880 991 2945 δὲ
1014 2877 1182 2964 γάλακτος

332 2979 466 3048 οὔθατα
489 2980 693 3068 πλήθουσιν,
716 2983 771 3046 καὶ
793 2975 837 3047 τά
858 2982 918 3046 νέα
939 2989 1104 3065 τρέφεται,

276 3085 349 3151 ἔνθ’
372 3076 392 3150 ά
415 3081 500 3150 καλά
521 3098 600 3162 παῖς
623 3085 823 3151 ἐπινίσσεται
841 3138 846 3148 .
862 3085 897 3149 αἰ
920 3087 948 3150 d’
965 3079 1006 3149 άν
1030 3079 1171 3170 άφίοπγγ,

331 3183 380 3272 χώ
401 3184 528 3272 ποιμὴν
552 3186 650 3271 ξηρὸς
672 3186 794 3273 τηνόβι
814 3186 869 3271 χαί
893 3184 1074 3273 βοτάναι.*)

192 3467 234 3530 45
279 3461 350 3529 ἕνθ’
367 3459 427 3541 dag,
451 3456 524 3528 ἔνθ’
541 3459 629 3547 αἶγες
653 3460 880 3540 διάσματόκοι,
905 3460 990 3527 ’ἔνθα
1012 3462 1163 3545 μέλισσαι

333 3563 457 3651 σμήνεα
478 3570 676 3651 πληροῦσιν,
700 3566 756 3629 καὶ
781 3555 1066 3649 sotericiana,

276 3660 380 3735 lvu'd
404 3667 504 3745 καλὸς
528 3670 648 3734 Μίλων
672 3670 777 3748 βαίνει
800 3670 901 3734 ποσίν
919 3689 925 3700 ·
941 3668 975 3732 αί
999 3669 1026 3732 δ’
1041 3661 1083 3731 dv
1105 3659 1254 3752 άφέοπγγ,

328 3761 378 3855 χὼ
400 3769 459 3847 τὰς
481 3775 549 3852 βοᾶς
571 3767 706 3851 βόσκων
726 3769 780 3854 χαί
802 3766 876 3852 βόες
899 3762 1100 3855 odovacar)

191 4049 232 4111 49
277 4038 305 4111 ὦ
328 4041 436 4129 τράγε,
459 4047 523 4109 τάν
546 4049 671 4110 λευκᾶν
695 4044 801 4128 αἰγῶν
824 4036 911 4128 άνερ,
934 4032 962 4108 ὦ
983 4040 1092 4124 βάθος
1115 4034 1199 4122 ὕλας

330 4148 459 4231 μυρίον,
482 4140 510 4213 ol
534 4149 624 4229 σιμαὶ
648 4149 732 4212 δεῦτ’
748 4145 798 4227 ἐφ’
814 4138 907 4229 ὕδωρ
931 4144 1050 4231 ἐ’ριφοι·

125 4400 128 4406 ,
212 4337 238 4406 *)
256 4336 318 4391 Ηοο
335 4335 467 4390 asterisco
484 4335 572 4390 notati
590 4352 634 4388 vv.
652 4340 716 4388 sunt
734 4333 937 4388 transmutandi.
956 4363 989 4371 —
