2866 4822
1262 249 1302 313 67

125 419 263 484 noverit.
306 417 357 484 De
379 438 444 502 qua
465 438 500 483 re
523 438 715 502 quamquam
746 423 843 502 poeta
871 438 933 482 non
963 417 1071 502 plane,
1100 416 1158 482 sed
1189 418 1305 500 partim

124 541 185 587 nos
208 521 362 586 certiores
384 521 477 602 lacit,
499 520 650 604 quoniam
671 519 728 584 illo
751 520 870 604 hymno
896 518 1116 584 tantummodo
1143 518 1184 584 de
1210 519 1305 584 mori=

125 621 236 688 bundo
273 621 447 706 Daphnide
485 623 606 706 agitur,
642 627 750 686 tamen
787 643 870 705 quae
908 622 1119 706 comperimus
1158 620 1305 687 sufficere

126 724 294 806 videntur,
327 745 369 789 ex
405 724 522 808 quibus
555 725 725 790 enucleare
757 725 929 808 possimus,
965 744 1048 807 quae
1084 722 1128 788 ad
1164 729 1306 789 nostrum

125 827 294 912 negotium
316 826 499 893 necessaria
521 831 603 893 sunt.

215 927 382 1013 Daphnidi
404 929 516 1013 igitur,
542 934 579 993 ut
600 929 705 1011 aiunt,
734 928 859 995 dolores
889 927 1014 994 ferendi
1043 933 1116 994 sunt
1146 933 1243 1011 atque
1273 929 1305 993 in

127 1031 208 1098 flore
230 1031 349 1097 aetatis
369 1030 566 1097 moriendum
586 1037 644 1097 est.
677 1029 772 1110 Quod
792 1051 847 1096 cur
866 1032 896 1096 ei
915 1029 1079 1113 acciderit,
1101 1031 1306 1114 anquirentes

127 1133 249 1198 amoris
278 1132 443 1199 doloribus
472 1154 544 1198 eum
574 1133 833 1200 conlabefactum
863 1151 934 1198 esse.
963 1131 1109 1198 videmus
1142 1155 1182 1198 ex
1212 1132 1255 1198 id.
1281 1134 1306 1215 l,

127 1257 179 1302 vv.
197 1237 247 1317 85,
262 1237 313 1318 93,
330 1237 391 1300 130
413 1227 448 1322 (ἦ
471 1232 534 1320 γὰρ
556 1232 642 1320 tyois
664 1225 723 1300 ὑπ’
738 1233 864 1318 ἔρωτος
887 1233 919 1312 ἐς
933 1227 1042 1300 Ἅιδαν
1066 1231 1203 1318 ἕλκομαι
1218 1230 1305 1320 ἤδη).

128 1339 171 1403 Ει
203 1338 227 1402 ιι
257 1337 320 1422 ipsi
350 1337 508 1421 quomodo
539 1339 601 1402 orti
631 1339 708 1419 sint,
737 1343 774 1402 ut
803 1337 983 1403 divinamus
1013 1338 1117 1421 magis
1147 1358 1240 1420 quam
1271 1343 1307 1403 ut

127 1440 334 1522 noscitemus,
355 1441 494 1505 maxime
516 1445 591 1505 sunt
612 1440 834 1505 memorabilia
853 1445 885 1505 et
904 1441 1043 1524 insignia
1058 1440 1192 1504 Veneris
1207 1440 1307 1505 verba

128 1541 187 1627 (id
205 1543 232 1625 I,
252 1544 292 1608 97
313 1541 387 1626 sq.:)

215 1668 268 1726 κεί
268 1681 330 1727 πε·
354 1660 419 1741 „tri
442 1667 511 1748 θην
531 1658 593 1726 τὸν
610 1654 738 1745 Ἔρωτα
760 1659 917 1745 κατεύχεο
941 1658 1049 1742 Λάφνι
1072 1665 1236 1744 λυγιξιϊν

142 1784 148 1792 ·
215 1750 288 1851 'id’
305 1755 369 1829 οὐκ
392 1755 493 1840 αυτὸς
510 1757 654 1846 Ερωτος
676 1753 735 1829 ὑπ’
759 1755 910 1848 ἀργαλέω
933 1761 1154 1848 ἐιιγύχθης;ί

128 1905 162 1965 et
185 1921 225 1965 ea
247 1919 332 1984 quae
354 1901 501 1985 Daphnis
524 1898 568 1965 ad
589 1901 671 1967 haec
693 1900 866 1985 respondet
889 1899 951 1985 (vv
970 1902 1031 1965 100
1047 1903 1139 1983 sqqae)

849 2015 961 2101 Κύπρι
984 2023 1110 2103 βαρεῖα,

217 2117 332 2203 Κιπρι
354 2118 545 2199 νιμεσσατά,
570 2117 682 2202 Κύπρι
704 2125 884 2186 θνατοῖσιν
907 2112 1071 2207 ἀπεχθὴς·

216 2219 282 2308 ἤδη
304 2219 367 2307 γὰρ
390 2217 520 2307 medodi]
542 2216 649 2287 πάνθ’
666 2215 764 2287 ἅλιον
786 2216 865 2307 ἄμμι
888 2225 1052 2300 dadonem

216 2321 342 2405 Δάφνις
364 2317 427 2411 κήν
440 2315 528 2390 ilica
552 2322 660 2388 κακὸν
682 2322 809 2390 ἔσσεται
832 2319 933 2409 ἄλγος
950 2319 1073 2408 Ἔρωτι.

131 2463 182 2526 Ex
212 2460 329 2544 quibus
358 2460 588 2544 intelleguntur
620 2461 714 2526 haec:
748 2462 895 2546 Daphnis
928 2461 1102 2544 aliquando
1132 2462 1241 2527 Amori
1274 2483 1309 2527 se

131 2569 383 2648 repugnatumm
406 2583 476 2628 esse
499 2563 655 2646 gloriatus
678 2568 761 2643 erat;
783 2568 896 2648 postea
918 2569 1024 2628 tamen
1048 2565 1181 2629 Veneris
1204 2585 1309 2646 opera,

132 2672 168 2731 ut
183 2665 321 2746 videtur,
343 2666 464 2730 factum
487 2671 545 2746 est,
567 2671 603 2730 ut
625 2685 733 2731 amore
756 2687 794 2730 ac
814 2665 974 2731 desiderio
994 2666 1122 2750 puellae
1142 2666 1277 2733 alicuius
1286 2667 1308 2751 ¹)

132 2773 264 2852 caperet
267 2772 358 2832 uret
344 2766 499 2865 tsollicit
486 2770 571 2831 taret
571 2787 617 2831 ur
663 2768 737 2832 At
729 2787 757 2832 rs
780 2788 842 2850 quo
865 2771 971 2832 servet
993 2769 1191 2852 promissum,
1214 2788 1308 2850 quam

132 2871 273 2935 maxime
303 2869 380 2934 eniti
382 2862 505 2934 tur—
534 2869 610 2934 talis
643 2876 700 2935 aut
702 2892 752 2935 em
786 2870 980 2954 conspicitur
1013 2872 1046 2934 in
1069 2870 1168 2935 id¹l¹
1192 2870 1309 2954 hymno

133 2971 384 3057 Thyrsidis-,
416 2976 451 3036 ιιι
473 2971 673 3055 voluptatem
696 2972 809 3055 fugiat.
854 2973 969 3054 ltaque
992 2972 1067 3038 dum
1091 2975 1214 3038 animus
1241 2973 1309 3037 eius

133 3076 278 3158 agitatur
300 3075 384 3138 inter
406 3072 488 3138 duas
517 3093 568 3138 res
598 3076 783 3155 contrarias,
811 3073 979 3138 libidinem
1010 3080 1043 3138 et
1073 3075 1310 3153 continentiam,

132 3177 218 3242 idem
240 3197 303 3242 non
325 3176 532 3242 succubuisse
547 3175 675 3242 videtur
698 3177 866 3260 voluptati,
889 3176 946 3241 sed
970 3178 1002 3240 in
1025 3177 1197 3242 luctamine
1219 3181 1309 3241 tanto

133 3278 202 3345 fieri
225 3299 287 3343 non
310 3283 430 3361 potest,
456 3278 533 3360 quin
556 3278 643 3343 vires
666 3279 806 3362 corporis
829 3284 996 3343 consumat
1023 3299 1061 3344 ac
1084 3279 1244 3360 conficiat,
1274 3283 1310 3342 ut

220 3464 242 3533 ¹)
267 3464 342 3518 Haec
366 3463 458 3532 puella
481 3462 517 3516 id.
536 3463 557 3532 I,
577 3468 608 3517 82
632 3464 791 3533 simpliciter
813 3465 965 3518 nominatur
990 3457 1007 3517 ιι
1029 3457 1118 3534 κώρα,
1141 3464 1178 3518 id.
1196 3464 1259 3527 Vll,
1278 3468 1309 3517 73

134 3547 270 3618 Ξενέα(ς),
294 3549 369 3617 quod
392 3553 483 3603 tamen
507 3565 606 3603 nomen
630 3555 718 3604 uhum
742 3551 777 3604 sit
800 3550 940 3619 proprium
965 3565 998 3603 an
1022 3550 1231 3618 appellativum,
1255 3565 1309 3603 am·

131 3635 247 3704 biguum
265 3639 308 3687 est
326 3638 353 3687 et
371 3650 432 3687 cum
449 3634 503 3701 ipsi
521 3633 703 3689 deliberamus
723 3641 750 3689 et
769 3652 830 3688 curn
848 3635 959 3689 codices
976 3635 1134 3704 scholiaque
1152 3636 1310 3703 inspicimus

132 3722 201 3789 (var.
221 3719 303 3774 etiam
327 3719 419 3784 ζενιας
442 3720 469 3772 in
491 3721 530 3788 p).
573 3719 643 3773 Aliis
666 3721 822 3774 auctoribus
847 3736 879 3774 ea
900 3720 992 3788 puella
1015 3725 1058 3774 est
1082 3720 1209 3790 nympha,
1234 3722 1311 3775 cuius

131 3820 233 3859 nomen
258 3804 374 3858 variatur
392 3804 481 3874 (Nais,
505 3805 651 3874 Echena‘is,
669 3805 772 3874 Thalia,
791 3804 922 3875 Pimplea,
941 3806 1044 3874 Nomia,
1063 3808 1149 3876 Lyca)
1155 3829 1161 3871 ;
1187 3807 1310 3860 Parthen

133 3892 192 3960 (29)
218 3890 300 3944 etiam
323 3889 408 3944 refert
430 3894 540 3959 praetor
563 3891 711 3961 nympham
735 3892 895 3945 Echena‘ida
923 3891 1040 3959 puellam
1067 3893 1168 3961 regiam
1194 3892 1310 3960 aliquam

133 3973 226 4045 (ζένεα
245 3999 276 4020 =
296 3975 438 4044 peregrina
455 3975 530 4044 illai)
554 3976 581 4027 in
598 3976 734 4045 Daphnim
753 3977 851 4030 arsisse
869 3992 985 4044 eumque
1003 3977 1067 4030 vino
1086 3977 1190 4031 ebrium
1209 3976 1311 4030 iactum

133 4061 170 4115 ad
189 4060 364 4114 concubitum
381 4075 475 4114 secum
493 4060 651 4129 pellexisse.
687 4062 820 4115 Videmus
837 4061 921 4130 igitur
938 4077 973 4114 ex
991 4061 1032 4115 his
1050 4061 1169 4116 fabulam
1187 4062 1239 4114 iarn
1256 4077 1310 4114 non

133 4146 280 4214 genuinam
298 4149 326 4199 et
343 4145 493 4212 simplicem
518 4161 588 4215 esse,
612 4147 663 4199 sed
686 4146 875 4215 amplificatam
899 4150 981 4214 atque
1004 4146 1121 4201 fortasse
1145 4147 1225 4201 etiam
1249 4162 1310 4198 cum

135 4231 197 4285 aliis
216 4230 432 4285 contaminatam.
468 4231 595 4299 Exempli
614 4231 701 4299 gratia
725 4246 881 4285 moneamus
906 4230 941 4284 de
965 4230 1058 4286 fabula
1076 4231 1202 4298 Aristaei,
1227 4229 1260 4282 oi.
1280 4231 1309 4282 P.

134 4314 295 4384 Dechnrme,
312 4315 329 4369 l.
342 4315 358 4368 l.
377 4331 404 4384 p.
417 4318 466 4370 459
476 4330 518 4384 sq.
535 4343 569 4353 -

1124 4417 1157 4474 5*
