2866 4822
167 244 209 310 20

167 416 347 498 cogitantur
369 415 460 499 pueri
481 415 685 498 pubertatem
707 412 845 478 nondum
869 412 980 498 adepti
990 415 1010 495 ¹)
1036 452 1079 459 -
1106 418 1139 478 et
1160 435 1239 480 rere
1262 415 1340 480 tales

167 523 240 583 sunt
260 516 432 602 cogitandi,
454 523 489 582 ut
505 538 602 600 supra
617 516 813 582 ostendimus
835 555 885 597 —,
908 515 994 599 quod
1009 516 1165 582 flaventes
1181 516 1340 602 finguntur

166 622 288 705 primae
319 621 439 684 barbae
469 619 633 701 lanugine,
663 639 745 702 quae
775 619 1024 703 pubescentibus
1054 618 1183 684 demum
1214 621 1340 702 existat,

166 723 200 788 id
224 724 275 788 vel
297 723 436 787 maxime
463 727 621 806 repugnat
644 723 800 786 communi
823 723 929 788 sensui
952 742 990 787 ac
1013 727 1147 787 naturae
1170 723 1340 805 hominum,

166 832 201 890 ut
230 826 373 910 praecise
403 823 559 904 dicamus,
589 827 805 908 τιυρροτρίχοο
835 825 965 889 minime
988 824 1126 907 quadrat
1149 824 1193 889 ad
1217 815 1339 906 ἀνύβα.

166 929 226 994 sui
258 929 437 993 sententiae
467 927 493 992 si
524 927 594 1010 quis
624 928 727 992 minus
757 928 799 992 sit
828 926 989 1006 credulus,
1022 948 1114 992 nemo
1144 934 1244 1011 poeta
1275 929 1339 1012 ipso

166 1037 277 1096 auctor
309 1031 437 1113 gravior
470 1031 643 1110 invenitur,
677 1051 747 1094 cum
780 1031 807 1095 is
840 1031 872 1093 in
907 1028 950 1094 id.
978 1030 1015 1112 V,
1038 1032 1078 1095 87
1102 1050 1148 1112 sq.
1182 1031 1340 1097 Laconem

165 1141 327 1216 pastorem
348 1133 605 1215 pronuntiantem
629 1132 708 1196 facit
730 1129 771 1195 de
788 1131 921 1195 Gratida
943 1151 1042 1215 puero
1064 1135 1185 1196 amato:
1209 1124 1340 1197 καὶτὸν

166 1229 293 1313 ύίναβον
316 1233 352 1298 ἐν
376 1228 494 1298 ι’ίνθεσι
517 1233 621 1298 παῖδα
642 1229 778 1315 μολύνει
809 1237 841 1297 et
871 1234 1006 1298 subinde
1029 1233 1070 1298 de
1094 1233 1208 1299 codem
1231 1255 1339 1319 puero:

166 1328 247 1423 κήμέ
277 1331 339 1420 γὰρ
370 1327 579 1418 ὅΚρατίιίας
607 1331 670 1399 τὸν
699 1336 841 1417 ποιμένα
873 1340 960 1413 λεῖος
989 1336 1154 1402 ὑπαντῶν
1177 1335 1339 1421 ἐκμαίνει·

167 1431 293 1521 λιπαρὰ
316 1440 351 1505 δὲ
374 1430 452 1522 παρ’
467 1429 589 1521 αύχίνα
612 1431 707 1502 σείετ’
724 1434 846 1520 ἐ’θειρα.
878 1438 1034 1515 Quoniam
1051 1443 1139 1515 λεῖος
1153 1439 1238 1525 nihil
1254 1439 1339 1505 aliud

165 1544 226 1608 sibi
249 1543 318 1608 vult
341 1543 401 1607 nisi
425 1541 518 1623 ,levis
541 1541 702 1621 mentum',
725 1540 841 1606 clarius
857 1543 989 1625 coargui
1005 1563 1066 1607 non
1080 1547 1190 1626 potest
1214 1530 1343 1622 dvoalou¹

164 1647 268 1710 παῖδα
290 1645 461 1710 Theocrito
492 1648 575 1708 teste
605 1663 675 1708 esse
705 1664 837 1727 puerum
867 1644 1065 1728 impuberem
1096 1650 1129 1709 et
1156 1645 1339 1711 imberbem.

26 1786 31 1801 x
93 1758 95 1762 '
164 1750 271 1831 Atque
306 1769 376 1814 cum
410 1746 496 1811 idem
531 1745 586 1830 (id.
613 1747 682 1828 XV,
696 1748 756 1811 128
773 1748 853 1830 sqq.)
888 1746 1068 1812 Adonidem
1099 1748 1207 1832 prima
1239 1749 1339 1815 barba

163 1852 280 1916 flavum
304 1850 503 1932 eundemque
522 1871 637 1914 annum
654 1849 812 1915 decimum
828 1856 975 1916 octavum
990 1851 1043 1916 vel
1058 1871 1176 1916 nonum
1192 1858 1339 1935 agentem

164 1955 265 2036 fingat
287 1973 434 2035 cumque,
456 1957 492 2016 ut
514 1952 579 2016 alia
602 1953 799 2035 omittamus,
821 1954 978 2018 Homerus
1001 1974 1127 2037 quoque
1150 1975 1220 2019 rem
1243 1955 1339 2039 probe

163 2075 220 2122 nos
243 2056 358 2120 doceat
379 2055 430 2119 his
453 2054 559 2120 verbis
582 2053 654 2139 (Od.
669 2056 726 2138 Xl,
739 2057 799 2120 317
813 2056 909 2141 sqq.):

265 2213 321 2273 καί
344 2205 386 2273 νύ
408 2233 468 2273 κεν
491 2208 711 2291 ἐξετέλεσσαν,
733 2209 761 2274 εἰ
783 2202 863 2295 ἥβης
884 2209 1009 2292 μέτρον
1032 2207 1166 2274 ἵκοντο·

266 2304 338 2377 ἀλλ’
354 2306 469 2377 ύλεσεν
492 2307 567 2388 Διὸς
590 2309 671 2391 υἱός,
695 2305 735 2377 ὅν
757 2303 904 2399 ἠύκομος
926 2312 999 2376 τέκε
1023 2307 1133 2397 Λητώ,

264 2407 453 2500 ἀμφοτέρα,
476 2416 557 2498 πρίν
579 2426 688 2495 cacata
712 2408 781 2479 ύτιό
803 2418 1025 2499 κροτάφοισιν
1048 2410 1184 2492 ἰούλους

264 2509 408 2606 ἀνθῆσαι
430 2513 578 2582 πυκάσαι
600 2541 636 2581 τε
659 2518 755 2601 γένος
778 2508 918 2582 εύανθὲϊ
941 2514 1054 2600 λάχνη.

162 2671 214 2757 (cf.
237 2673 335 2737 etiam
360 2672 394 2736 ll.
409 2671 528 2753 XXIV,
540 2672 601 2736 347
619 2669 678 2754 sq.)
709 2671 849 2753 antiquis
872 2671 1069 2755 temporibus
1092 2692 1153 2736 non
1176 2692 1271 2739 secus
1294 2679 1338 2739 at-

116 2810 120 2817 ·
162 2796 223 2858 que
253 2776 314 2840 hac
344 2780 453 2839 aetate
484 2775 687 2838 observatum
715 2777 747 2836 et
774 2772 1033 2839 animadversum
1061 2793 1131 2839 esse
1159 2774 1201 2840 de
1224 2778 1338 2860 puber·

162 2879 240 2942 tatis
260 2878 353 2942 initio
369 2876 560 2958 indiciisque
577 2882 719 2959 apparet.
763 2876 833 2940 Huc
850 2876 984 2958 accedit,
1000 2876 1086 2959 quod
1101 2878 1207 2960 prima
1222 2879 1338 2963 lanugo

161 2981 245 3045 male
268 2985 400 3045 vocatur
422 2978 569 3064 τρίχεςβ)
592 2978 635 3043 ad
658 3000 753 3062 quam
776 2979 981 3045 offensionem
997 2981 1099 3045 Hiller
1122 2980 1254 3064 quidem
1280 2982 1338 3067 (ed.

161 3083 353 3148 Fritz.-Hill.
371 3084 463 3164 1881,
485 3104 514 3166 p.
532 3082 605 3167 132)
629 3083 697 3146 iure
720 3082 960 3165 interpretantis
983 3084 1122 3148 animum
1146 3085 1299 3151 attendit.

249 3305 269 3375 ¹)
289 3303 330 3359 cf.
349 3305 513 3374 Buecheler,
537 3304 632 3359 Jahrb.
659 3303 678 3358 f.
701 3303 797 3357 Philol.
819 3308 892 3372 1860,
915 3321 942 3373 p.
956 3310 1013 3373 351,
1038 3305 1086 3374 qui
1109 3309 1235 3374 pastores
1259 3307 1339 3362 sumit

147 3391 262 3460 'pueros
281 3390 427 3445 duodecim
445 3391 491 3444 vel
509 3390 664 3458 quindecim
682 3405 820 3455 annorum,
839 3390 915 3460 quod
932 3391 1103 3459 probandum
1122 3395 1172 3445 est.
1190 3421 1226 3430 -

248 3497 269 3562 ²)
288 3495 385 3562 Neque
408 3494 479 3547 enim
496 3493 590 3562 inepta
613 3493 660 3547 illa
684 3492 793 3547 dicendi
816 3494 885 3548 ratio
909 3495 1064 3548 excusanda
1088 3498 1131 3548 est
1153 3493 1338 3568 locutionibus

160 3585 208 3634 aut
224 3580 357 3650 Aeschyli
375 3580 564 3647 (Pers,1056):
582 3579 632 3632 καί
654 3597 705 3645 μοι
723 3579 831 3648 γενείου
849 3576 936 3650 πέρθε
954 3573 1075 3650 λευκήρη
1094 3580 1188 3650 τρίχα,
1207 3580 1298 3650 (Sept.
1316 3598 1337 3636 c.

160 3664 248 3721 Theb.
268 3670 316 3719 533
327 3666 411 3734 sqq.):
497 3657 651 3735 ἀνδρόπαις
672 3658 750 3735 οίνήρ,
769 3666 868 3734 στείχει
887 3667 911 3718 δ’
922 3658 1017 3727 ίουλος
1036 3657 1099 3735 ιίρτι
1117 3659 1165 3718 διὰ
1182 3663 1337 3737 παρηίδων,

8 3792 11 3797 ,
112 3802 114 3807 ,
161 3743 252 3822 ἇίρας
270 3744 434 3819 φυούσης,
453 3745 560 3821 ταρφύς
580 3744 751 3804 ἀντέλλουσα
769 3751 844 3821 θρίξ,
863 3755 911 3803 aut
928 3750 1067 3818 Euripidis
1085 3751 1178 3819 (Hero.
1196 3749 1247 3806 fur.
1263 3753 1337 3822 aab:

160 3830 289 3908 εὐτρίχου
312 3828 462 3904 γενειάδος,
489 3838 592 3905 (χοίρου
619 3836 719 3904 quibus
744 3836 825 3905 plena
850 3836 935 3891 barba
961 3837 1013 3890 viri
1038 3836 1219 3906 intellegatur,
1247 3853 1337 3908 neque

160 3921 246 3978 altero
265 3921 390 3990 exemplo
409 3921 502 3989 Eurip.
521 3923 594 3991 (lph.
613 3922 704 3975 Aulid.
725 3925 794 3990 225),
816 3921 844 3974 in
862 3937 917 3990 quo
935 3921 981 3975 ille
999 3938 1086 3990 equos
1103 3921 1219 3976 denotat
1236 3916 1337 3994 πυρού-

160 4024 264 4078 τριχας,
288 4007 363 4076 quod
387 4007 552 4061 adiectivum
575 4024 629 4060 non
655 4008 748 4075 inepte
768 4022 899 4076 equorum
916 4007 1036 4075 pellibus
1055 4007 1157 4061 crinitis
1176 4015 1336 4077 apponatur.

135 4156 137 4161 ⁴
160 4091 480 4162 (tf.oa11im.hym.vr,
502 4097 557 4145 120.
599 4092 723 4161 Itemque
748 4090 901 4146 hleinekius
925 4093 980 4161 (ed.
999 4093 1049 4162 lll,
1071 4098 1142 4147 1856.
1161 4109 1188 4160 p.
1203 4095 1266 4164 309)
1291 4095 1335 4149 de·

159 4184 297 4233 montrans
314 4178 428 4232 Homeri
449 4178 615 4247 καλλίτριχα
633 4180 710 4246 μῆλα
729 4183 757 4232 et
776 4177 950 4248 Bacchylidis
969 4171 1119 4249 τανύτριχα
1137 4180 1215 4246 μῆλα
1237 4179 1336 4236 frustra

158 4261 230 4317 hanc
248 4264 424 4319 offensionem
447 4263 544 4317 tollere
569 4269 682 4317 conatus
700 4269 753 4332 est;
779 4279 841 4317 nam
864 4270 995 4334 quantum
1019 4262 1132 4319 interest
1153 4264 1225 4319 inter
1248 4280 1336 4321 crassa

158 4349 262 4405 vellera
280 4351 373 4406 ovium
390 4355 419 4404 et
436 4350 525 4405 lanam
541 4348 643 4415 primae
661 4348 763 4404 barbae
780 4349 908 4404 tenuem?
926 4381 959 4387 —
