2866 4822
1195 232 1237 295 23

57 408 111 469 est
144 423 277 486 puerum
307 400 428 484 alloqui
457 422 590 485 puerum
621 402 712 485 epica
743 400 984 483 consuetudine,
1017 405 1180 483 tamquam
1210 401 1238 465 si

56 510 208 590 pastores
239 525 299 568 non
329 504 433 587 pueri,
464 502 522 569 sed
545 508 653 568 aetate
676 504 775 568 multo
799 505 1014 588 provectiores
1036 509 1134 588 atque
1156 502 1237 568 adeo

57 609 124 673 viri
154 608 226 673 sint.
269 606 480 687 Ribbeckius,
510 607 559 672 vir
588 606 734 671 doctrina
763 606 1019 690 probatissimus,
1049 606 1165 671 docere
1186 627 1238 670 me

57 711 165 776 voluit
187 710 299 774 horum
321 728 470 773 versuum
493 709 669 774 orationem
692 708 832 791 quadam
852 708 1019 773 hilaritate
1035 727 1237 792 conspersam

58 833 146 895 esse,
175 817 211 876 ut
240 811 321 876 nihil
350 811 535 876 offensionis
565 812 596 875 in
627 813 667 876 iis
694 811 828 875 inveniri
859 812 967 895 possit.
1012 811 1076 876 Sed
1106 812 1133 876 si
1163 832 1237 876 vere

57 920 175 981 auctor
203 914 263 979 hoc
294 913 422 979 efficere
452 915 484 977 in
514 915 619 979 animo
650 914 777 994 habuit,
807 915 1006 997 ineptissime
1029 913 1121 995 fecit,
1152 913 1237 997 quod

58 1018 224 1102 simplices
254 1036 370 1100 pueros
399 1016 578 1100 pastorales
608 1016 701 1099 fingit
723 1017 842 1099 peritos
865 1017 995 1081 Homeri
1018 1020 1050 1080 et
1072 1016 1238 1098 loquentes

58 1121 126 1185 ritu
149 1119 288 1184 Homeri.
333 1118 466 1184 Omnino
495 1125 602 1182 autem
631 1138 702 1182 cum
724 1120 823 1182 totius
846 1119 995 1183 carminis
1018 1117 1147 1182 habitus
1170 1123 1237 1182 tum

57 1242 231 1308 puerorum
253 1226 369 1285 natura
391 1241 451 1285 non
474 1221 550 1285 talis
573 1225 630 1300 est,
653 1226 688 1284 ut
711 1227 767 1284 aut
783 1220 865 1284 illud
881 1222 1044 1303 ceteroqui
1059 1220 1238 1285 festivitate

58 1325 224 1391 conditum
255 1329 311 1389 aut
340 1324 373 1388 hi
405 1324 532 1389 facetiis
554 1324 694 1407 praediti
717 1324 896 1388 videantur.
940 1324 1058 1388 Contra
1081 1323 1120 1388 cf.
1143 1322 1186 1387 id.
1201 1323 1238 1387 V.

58 1431 143 1495 Utut
172 1429 271 1512 igitur
301 1446 412 1492 versus
442 1427 501 1492 hos
530 1427 716 1511 aspicimus,
747 1428 858 1509 utique
888 1447 968 1492 sana
990 1446 1078 1490 mens
1102 1430 1134 1490 et
1156 1427 1238 1491 ratio

58 1534 94 1596 in
118 1532 159 1596 iis
180 1530 412 1597 desiderantur.
457 1529 604 1595 Profecto
632 1529 675 1594 ad
698 1551 753 1594 eas
776 1530 914 1614 ineptias
936 1529 1065 1593 minime
1088 1529 1238 1593 aberrare

58 1634 167 1719 potuit
189 1634 388 1714 Theocritus,
412 1633 467 1716 qui
489 1637 587 1716 posta
609 1652 704 1715 quam
727 1653 789 1696 non
812 1632 844 1695 in
868 1631 1022 1696 bucolicis
1044 1629 1168 1712 idylliis
1191 1631 1237 1695 uti

58 1737 165 1803 soleat
193 1734 323 1819 turgida
350 1736 408 1799 illa
437 1733 622 1817 alloquendi
645 1735 768 1799 ratione
791 1732 936 1798 videmus
959 1754 1000 1798 ex
1023 1734 1237 1817 compluribus

58 1839 227 1922 exemplis,
250 1843 285 1902 ut
307 1838 362 1902 ille
385 1837 573 1921 simpliciter
589 1836 680 1901 dicit:
704 1822 732 1900 ci
747 1831 872 1922 ποιμήν
888 1834 926 1920 (I,
939 1837 965 1900 7.
984 1837 1035 1919 15)
1051 1836 1104 1900 vel
1120 1831 1237 1901 αἰπόλε

58 1941 139 2025 (l,1.
157 1938 222 2024 12),
256 1943 312 2003 aut
344 1939 436 2022 ponit
468 1959 581 2002 nomen
616 1939 755 2022 pastoris
785 1939 897 2018 Lito:
934 1931 1050 2020 Θύρσι,
1079 1937 1118 2002 cf.
1138 1937 1237 2018 IV,l;

57 2044 96 2125 V,
112 2045 187 2123 1383
209 2043 280 2123 VII,
292 2045 342 2122 21,
365 2080 407 2088 -
430 2061 653 2124 nonnunquam
669 2062 740 2106 cum
756 2040 918 2106 adiectivo
935 2041 1043 2120 φίλος,
1067 2044 1103 2103 ut
1118 2040 1237 2122 1V,41:

57 2148 137 2228 φίλε
153 2141 261 2210 Βάττε
285 2143 338 2228 (cf.
356 2145 391 2226 V,
404 2146 457 2225 703
481 2143 615 2228 vilar)
639 2150 695 2209 aut
718 2144 830 2209 scribit
852 2145 897 2209 sic
920 2148 956 2207 ut
970 2144 1010 2224 X,
1024 2145 1054 2207 l:
1079 2141 1237 2226 ἐργατίνα

57 2255 208 2316 Βουκαῑε
231 2252 263 2313 et
285 2250 325 2329 X,
339 2250 370 2313 7:
393 2249 514 2314 Μίλων
538 2239 704 2332 (imapum.
733 2287 774 2293 —
801 2248 915 2330 Neque
937 2241 1071 2331 ποιμήν,
1094 2246 1128 2310 id
1152 2245 1236 2329 quod

57 2352 232 2437 praecipue
254 2349 461 2434 premendum
485 2354 542 2431 est,
566 2370 704 2432 unquam
725 2351 932 2415 aTheocrito
948 2349 1151 2432 coniungitur·
1166 2369 1236 2414 cum

58 2454 212 2538 genetivo
235 2457 271 2517 ut
293 2454 353 2517 hoc
375 2453 454 2534 loco,
477 2452 535 2518 sed
558 2453 659 2517 solum
683 2453 752 2517 sine
774 2453 924 2536 genetivo
947 2472 1072 2536 semper
1087 2452 1237 2516 scribitur

58 2578 132 2624 cum
155 2557 283 2622 notione
299 2557 456 2640 opilionis,
479 2555 519 2620 de
536 2576 600 2638 qua
615 2576 649 2620 re
664 2561 777 2639 postca
793 2556 891 2620 etiam
906 2554 1050 2639 pluribus
1066 2554 1237 2620 dicendum

57 2658 161 2743 erit.¹)
205 2659 252 2724 of.
275 2658 319 2723 ad
340 2680 370 2723 v.
385 2660 435 2723 49.

148 2781 216 2844 lam
239 2800 331 2864 porro
355 2778 449 2844 simul
464 2799 503 2844 ac
518 2800 567 2843 vv.
584 2780 689 2844 6-16
705 2778 893 2862 diligentius
916 2778 1143 2845 contulerimus
1166 2799 1236 2844 cum

58 2883 98 2964 V,
121 2883 256 2963 20-30,
285 2882 368 2946 inter
398 2881 457 2946 has
488 2901 614 2963 quoque
643 2886 753 2965 partes
784 2882 950 2965 utriusque.
980 2883 1129 2947 carminis
1163 2902 1236 2946 con-

59 3005 189 3051 sensum
223 2989 255 3050 et
288 2983 530 3049 similitudinem
562 3004 631 3048 cum
662 2985 761 3049 totius
791 3005 895 3049 rerum
929 2985 1138 3068 expositionis
1167 2991 1235 3048 tum

59 3088 259 3171 singularum
281 3087 476 3151 locutionum
500 3087 793 3169 sententiarumque
824 3086 1023 3152 intercedere
1053 3087 1235 3168 sentiemus,

59 3189 119 3257 sed
142 3190 203 3255 hoc
225 3196 334 3254 tamen
364 3188 533 3253 discrimen
564 3189 647 3254 inter
677 3194 845 3273 utramque
876 3194 999 3273 partem
1030 3210 1108 3270 esse,
1138 3194 1173 3253 ut
1202 3189 1235 3252 in

59 3293 164 3377 quinti
195 3293 345 3358 carminis
373 3292 519 3357 versibus
549 3313 652 3357 sermo
682 3298 846 3375 tamquam
875 3292 1023 3376 perfusus
1053 3293 1095 3357 sit
1124 3292 1234 3374 vigore

59 3395 201 3480 quodam
224 3396 333 3460 nativo
356 3400 519 3479 pastorum
541 3416 599 3478 per
628 3396 795 3460 lasciviam
821 3395 1058 3477 ludibriumque
1081 3394 1235 3459 cavillan-

58 3500 149 3579 tium,
172 3498 203 3562 in
227 3502 340 3563 octavo
363 3503 475 3562 contra
497 3498 650 3580 langueat
672 3498 783 3562 oratio.
818 3498 878 3561 'An
900 3517 1010 3562 versus
1034 3498 1072 3561 12
1100 3517 1163 3561 non
1186 3501 1234 3561 est

58 3601 282 3667 antecedentis
304 3619 415 3666 versus
436 3621 525 3665 mera
553 3601 702 3681 repetitio
732 3601 800 3665 sine
827 3600 893 3664 ulla
923 3601 956 3664 vi
985 3599 1122 3683 facturr)
1167 3600 1234 3664 Nos

148 3807 169 3871 ¹)
183 3796 296 3872 Ποιμὴν
314 3796 474 3874 εἰροπόκων
490 3797 560 3858 ὀίων
572 3808 614 3858 cst
626 3803 774 3858 abundatio
787 3803 896 3857 dicendi
909 3808 937 3857 et
949 3807 1043 3857 contra
1055 3818 1133 3857 usum
1144 3802 1235 3855 Theo-

58 3891 174 3945 criteum
194 3894 221 3943 et
239 3894 333 3944 contra
350 3904 501 3944 sermonem
519 3889 691 3958 pastoralem.
709 3920 744 3928 -

146 3993 168 4062 2)
188 3993 240 4058 Qui
258 3992 370 4047 facetias
389 3993 416 4045 in
434 3992 485 4046 hac
503 3992 666 4061 repetitione
691 3992 805 4045 inveniri
824 3992 926 4060 volunt,
951 3992 984 4045 iis
1003 4007 1112 4060 oppono
1130 3991 1234 4045 animos

57 4080 156 4133 horum
173 4093 320 4146 puerorum
338 4078 442 4132 alienos
466 4093 528 4132 esse
547 4078 580 4133 ab
599 4078 660 4132 ioco
680 4093 712 4131 ac
730 4077 860 4146 ludibrio,
884 4078 1069 4146 praeteream
1088 4094 1131 4130 vv.
1150 4077 1189 4143 {Sl
1198 4082 1233 4143 19,

58 4167 147 4233 21l22,
167 4169 266 4233 lSsqq.
285 4164 387 4219 similes
399 4164 547 4219 verborum
563 4164 720 4218 iterationes
739 4164 871 4217 admissus
890 4180 959 4233 esse,
977 4164 1003 4216 in
1022 4163 1121 4232 quibus
1138 4178 1232 4231 parum

58 4251 124 4307 artis
143 4249 276 4318 videmus3
295 4250 322 4304 in
340 4251 392 4304 hac
409 4265 520 4320 quoquo
537 4250 654 4304 iterandi
671 4249 774 4304 ratione
793 4250 897 4318 epicam
917 4249 1139 4303 consuetudinem
1158 4248 1233 4301 adhi-

57 4337 145 4393 bitam
163 4351 223 4391 esse
240 4340 380 4404 putamus3
399 4338 434 4390 ct'.
453 4351 534 4404 supra
551 4351 578 4403 p.
592 4338 632 4389 22.
650 4366 685 4374 —
