2866 4822
1262 246 1305 310 45

279 416 316 483 ἐν
338 415 430 502 τήνῳ
453 413 514 501 γὰρ
537 420 638 500 τῆνος
654 437 661 449 ·
678 409 769 482 lc'd
791 413 867 481 κόλε
891 416 946 479 καὶ
972 417 1045 501 λέγε
1064 436 1069 447 ·
1086 417 1216 498 Μίλων,

334 514 352 586 ὃ
376 517 532 604 Πρωτεὺς
555 515 671 601 φοόκας
693 521 749 584 καὶ
772 512 853 597 θεὸς
876 513 927 583 ὤν
950 515 1072 601 ἔνεμεν.

367 622 495 687 Vitetur
517 621 631 687 deesse
654 621 856 705 antistropha
879 620 1070 705 Daphnidis,

677 780 721 841 M.
733 779 758 856 ¹)

190 882 233 944 53
277 875 322 962 μή
344 902 400 963 μοι
424 881 489 962 γᾶν
511 879 675 955 Πέλοπος,
697 873 741 961 μή
763 901 820 962 μοι
844 879 1000 962 Κροίσεια
1022 876 1172 942 τάλαντα

334 981 383 1066 εἴη
407 979 503 1064 ἔχειν,
526 980 607 1066 μηδὲ
629 978 761 1062 πρόσθε
784 980 879 1046 θέειν
902 972 1049 1063 ἀνέμων·

282 1076 352 1148 ἄλλ’
367 1072 437 1148 ὑπὸ
460 1085 502 1170 τᾷ
525 1085 633 1170 πέτρᾳ
656 1084 727 1170 τᾷδ’
745 1079 876 1170 ᾄσομαι,
901 1074 1003 1166 ἀγκὰς
1027 1080 1110 1167 ἔχων
1132 1108 1183 1160 τυ,

336 1182 486 1269 σύννομα
509 1187 584 1268 μᾶλ’
606 1185 741 1268 ἐςοοοὸν,
764 1183 945 1250 Σικελικὰν
969 1186 1001 1263 ἐς
1024 1178 1097 1251 ἅλα.

125 1292 221 1355 Duae
245 1289 394 1355 videntur
424 1290 575 1373 strophae
603 1288 729 1371 deesse,
758 1289 862 1354 altera
892 1290 1093 1374 antistropha
1116 1288 1306 1374 Daphnidis,

494 1391 598 1457 altera
620 1391 752 1476 stropha
774 1393 948 1458 Menalcae.

192 1653 233 1715 57
280 1649 428 1733 δένδρεσι
449 1648 510 1731 μὲν
533 1645 656 1732 χειμών
672 1647 819 1733 φοβερὸν
835 1647 953 1726 κακόν,
976 1641 1072 1714 ὕδασι
1096 1642 1270 1733 ὁάὕχμός,

336 1747 466 1835 ὄρνισιν
490 1743 691 1836 δ’ῧσπλαγξ,
716 1743 911 1836 ἀγροτέροις
934 1752 969 1817 δὲ
992 1755 1078 1831 λίνα,

279 1855 378 1937 ἀνδρὶ
402 1855 436 1919 δὲ
460 1858 668 1939 παρθενικᾶς
690 1843 823 1931 dosside
846 1852 980 1931 πόθος·
1002 1847 1030 1920 ὦ
1052 1851 1159 1939 πάτερ
1182 1849 1211 1919 ὦ
1232 1858 1307 1933 Ζεῦ,

334 1949 375 2022 οὐ
397 1954 500 2039 μόνος
522 1948 677 2045 ἠράσθην
694 1978 700 1988 ·
716 1958 773 2021 καὶ
795 1955 837 2022 τε)
860 1959 1112 2042 γυναικοφίλας.

213 2285 276 2364 Qui
307 2284 410 2350 obiter
440 2284 501 2350 hoc
531 2304 658 2349 carmen
682 2285 869 2368 perlegerit,
903 2286 1021 2349 sentiet
1049 2305 1243 2369 magnopere
1272 2284 1307 2349 id

126 2389 334 2454 decurtatum
365 2392 398 2452 et
426 2391 654 2452 commutatum
685 2406 755 2452 esse
785 2408 888 2470 neque
919 2388 1059 2471 conspici
1082 2409 1102 2452 a
1124 2388 1215 2453 uobis
1238 2388 1307 2452 eius

125 2491 298 2575 pristinam
323 2495 356 2555 et
378 2490 549 2574 genuinam
572 2489 714 2554 formam.

215 2593 365 2658 Alienum
391 2599 441 2658 est
463 2613 482 2656 a
505 2593 668 2676 proposito
699 2598 807 2658 nostro
831 2592 1033 2676 diligentius,
1064 2594 1090 2658 si
1114 2592 1209 2657 modo
1237 2592 1306 2657 fieri

125 2703 252 2781 potest,
290 2715 444 2778 quaerere
477 2715 516 2760 ae
550 2695 784 2777 demonstrare,
821 2695 978 2778 quomodo
1015 2695 1076 2760 hoc
1113 2716 1240 2760 carmen
1274 2700 1307 2759 et

127 2802 282 2882 quantam
312 2799 468 2864 iacturam
503 2798 595 2863 libris
628 2819 723 2862 manu
756 2799 884 2883 scriptis
918 2819 975 2882 per
1006 2804 1151 2883 tempora
1180 2798 1307 2877 fecerit;

126 2901 209 2966 satis
240 2905 289 2965 est
320 2920 417 2984 supra
446 2900 479 2964 in
512 2899 673 2984 descripto
704 2903 844 2965 carmine
867 2900 1051 2981 denotasse,
1082 2902 1197 2983 quibus
1228 2901 1307 2965 locis

127 3002 254 3085 aliquid
270 3001 407 3068 deficere
423 3000 594 3066 videretur.
629 3001 695 3068 Sed
711 3003 1004 3068 consideremus-
1021 3008 1174 3086 quantum
1190 3004 1307 3067 attinet

127 3105 172 3171 ad
194 3110 337 3170 nostrum
360 3105 526 3171 consilium
549 3143 591 3151 -
614 3126 653 3170 ea
676 3126 758 3188 quae
781 3106 904 3172 tradita
926 3111 1007 3170 sunt.

214 3208 331 3273 Primis
352 3208 452 3290 igitur
474 3208 614 3291 strophis
638 3207 763 3273 duabus
786 3211 942 3291 (ss-36,
965 3208 1113 3293 37-40)
1144 3207 1307 3274 commode

127 3331 163 3376 se
188 3310 425 3394 excipientibus
448 3309 532 3375 dnae
555 3331 639 3393 quae
655 3318 840 3394 sequuntur,
862 3313 959 3376 tertia
975 3311 1127 3396 (41-44)
1143 3316 1176 3376 et
1192 3317 1307 3394 quarta

128 3412 304 3498 (ts—48),
337 3432 408 3477 cum
431 3412 593 3495 probabili
627 3411 837 3497 dispositione
871 3434 980 3478 carere
1013 3412 1193 3493 videantur,
1226 3413 1307 3477 satis

128 3535 280 3599 magnam
313 3514 492 3579 attulerunt
525 3514 762 3580 dubitationem
795 3517 931 3597 criticis,
965 3521 1001 3580 ut
1028 3537 1078 3580 vr.
1101 3516 1242 3579 41-43
1275 3519 1307 3579 et

126 3619 270 3682 45-47
301 3622 546 3701 transponerent
576 3623 707 3683 auctore
736 3620 805 3684 viro
836 3618 940 3700 docto,
970 3618 1024 3700 qui
1055 3637 1137 3682 anno
1163 3619 1243 3682 1803
1274 3617 1307 3680 in

128 3720 254 3805 ephem.
270 3719 406 3785 Gothan.
428 3740 473 3784 ur.
486 3722 526 3783 22
543 3741 609 3784 rem
625 3722 799 3805 proposuit,
814 3728 984 3806 postquam
999 3726 1074 3785 ante
1090 3720 1174 3785 hune
1189 3720 1307 3784 Binde·

126 3842 264 3888 mannus
287 3823 326 3906 (a.
341 3822 436 3907 1793)
459 3823 491 3886 in
515 3823 709 3888 carminibus
725 3825 914 3890 Germanice
937 3824 1102 3889 translatis
1118 3844 1188 3888 eam
1204 3828 1306 3888 trans·

127 3926 319 4011 positionem
348 3924 483 4005 feoerat;
514 3945 609 4008 quam
637 3927 698 3990 etsi
722 3947 742 3990 a
763 3927 956 3992 doctissimis
980 3934 1013 3991 et
1035 3926 1199 3990 Theocriti
1223 3927 1306 4010 peri-

127 4028 263 4094 tissimis
285 4028 375 4093 viris:
404 4027 572 4109 Ahrensio,
597 4028 730 4110 Hillero,
757 4029 943 4111 Fritnschio‚
966 4030 1136 4110 Meinekio,
1159 4029 1321 4113 Zieglero·

128 4133 198 4198 sine
229 4130 296 4196 ulla
325 4129 527 4196 dubitatione
557 4131 725 4214 probatam
757 4138 790 4197 et
819 4138 984 4216 acceptam
1015 4131 1169 4215 videmus,
1199 4138 1306 4196 tamen

216 4337 238 4403 ¹)
257 4334 318 4388 Hoc
335 4334 513 4389 tetrastichon
537 4335 565 4388 in
590 4336 671 4390 codd.
690 4336 774 4406 vulgo
794 4336 919 4392 tribuitur
937 4336 1082 4405 Daphnidi,
1107 4337 1158 4391 sed
1176 4335 1253 4390 falso.
1272 4366 1304 4374 -
