2866 4822
127 225 167 290 58

125 393 175 457 illi
197 399 324 477 praeter
346 397 461 478 poetae
488 415 606 460 morem
629 400 727 478 atque
750 414 840 461 usum
863 415 946 461 nunc
973 393 1015 461 de
1036 395 1164 478 integro
1188 416 1295 462 canere

126 494 294 578 incipiant,
327 501 496 579 postquam
529 495 635 579 priore
669 496 808 560 carmine
845 496 925 560 satis
954 495 1127 561 artificioso
1160 496 1295 578 satisque

127 596 245 680 amplo,
280 595 357 679 quid
387 603 457 661 arte
491 596 627 661 canendi
656 604 799 681 possent,
834 598 964 680 egregie
993 595 1296 663 demonstraverunt.

127 698 223 764 Cuius
253 700 386 764 rationis
416 718 546 764 causam
575 699 775 783 probabilem
808 718 864 764 nos
894 699 1023 782 quidem
1056 720 1117 764 non
1149 698 1296 765 ridemus.

126 801 168 864 Et
190 801 367 866 rectissime
390 802 590 866 Hermannus
621 822 746 884 quoque
777 801 808 885 (l.
829 802 849 866 l.
872 822 901 884 p.
921 800 975 885 86)
1006 799 1166 866 iudicavit
1195 800 1238 866 de
1264 823 1296 866 ea

126 923 170 984 re,
192 923 263 967 cum
286 902 379 969 dicit:
408 924 483 984 ,uno
507 904 591 968 enim
614 905 754 969 carmine
776 904 883 987 potius
906 924 1002 986 quam
1031 902 1157 969 duobus
1180 909 1296 969 certare

127 1023 241 1088 pueros
271 1010 451 1089 exspectes3
485 1007 533 1070 sin
567 1011 675 1070 autem
705 1004 838 1087 duobus,
870 1006 976 1089 priore
1005 1005 1204 1089 hexametro,
1237 1010 1296 1071 tum

127 1127 211 1188 vero,
235 1111 270 1171 ut
293 1108 445 1172 maiorem
467 1113 570 1172 artem
593 1107 810 1190 ostenderent,
831 1108 995 1192 elegiaco’.

212 1263 281 1326 lam
304 1281 383 1345 opus
407 1261 518 1327 estad
538 1262 665 1345 singula
681 1261 883 1327 descendere.
917 1261 1094 1344 Utramque
1110 1262 1297 1327 cantilenam

127 1363 204 1428 licet
226 1362 428 1445 distribuere,
451 1370 486 1428 ut
508 1364 576 1428 fere
599 1364 643 1444 lit,
666 1365 697 1428 in
721 1370 878 1447 quaterna
905 1362 1055 1446 disticha,
1082 1384 1219 1446 quorum
1241 1365 1297 1448 pri·

127 1486 178 1529 mo
201 1464 363 1531 Menalcas
394 1464 567 1549 compellat
593 1466 715 1549 lupum,
743 1486 783 1529 ne
813 1466 874 1530 sibi
901 1471 1028 1547 noceat,
1046 1460 1162 1531 'altero
1185 1485 1297 1547 canem,

127 1573 163 1632 ut
184 1568 311 1650 vigilet,
341 1568 436 1632 tertio
459 1565 649 1632 adhortatur
672 1587 760 1649 oves,
787 1573 823 1632 ut
845 1571 1030 1651 pascantur,
1052 1572 1168 1651 quarto
1191 1567 1297 1632 eadem

127 1669 312 1734 adhortatio
331 1671 476 1750 iteratur,
498 1676 534 1733 ut
549 1690 658 1734 earum
674 1670 774 1733 ubera
789 1669 874 1734 lacte
890 1669 1033 1734 distenta
1047 1668 1137 1751 fiant,
1159 1669 1297 1753 Daphnis

128 1779 235 1836 antem
258 1773 360 1856 primo
383 1778 415 1837 et
438 1773 540 1836 altero
563 1771 702 1837 disticho
725 1778 834 1837 narrat
860 1771 901 1836 de
927 1772 1057 1856 puellae
1084 1771 1224 1837 alicuius
1250 1793 1297 1856 pe·

127 1874 266 1938 tulantia
288 1893 409 1957 suaque
431 1874 589 1959 pudicitia
611 1912 653 1919 —
675 1875 708 1938 in
731 1875 782 1938 his
810 1874 939 1956 quidem
966 1894 1070 1938 rerum
1101 1893 1207 1939 nexus
1234 1894 1297 1958 per·

128 1977 261 2060 spioitnr
283 2013 337 2056 —,
372 1977 468 2040 tertio
501 1977 648 2041 universe
679 1974 793 2040 laudat
822 1977 922 2040 vitam
952 1975 1161 2060 pastoralem,
1192 1980 1297 2059 quarto

129 2079 209 2143 dicit
231 2084 267 2141 ut
296 2079 328 2142 in
359 2078 505 2143 omnibus
534 2084 668 2143 naturae
698 2079 792 2143 rebus
822 2080 871 2143 sui
901 2079 1016 2161 cuique
1047 2077 1168 2143 similia
1198 2078 1297 2143 decori

129 2199 212 2263 esse,
243 2182 289 2246 sic
313 2181 410 2245 boves
434 2200 508 2246 suas
531 2181 676 2246 bubulco.
721 2182 859 2246 Tantum
882 2181 980 2263 igitur
1002 2181 1107 2262 abest,
1137 2186 1172 2244 ut
1195 2200 1297 2246 secun-

129 2282 189 2347 dus
222 2287 331 2366 pastor
364 2302 437 2347 suos
470 2303 580 2348 versus
614 2283 829 2348 concinnitate
863 2282 1002 2365 quadam
1040 2282 1232 2350 accomodet
1262 2281 1298 2347 ad

129 2386 305 2450 sententias
332 2384 510 2450 adversarii
533 2423 574 2430 —
597 2385 630 2450 id
662 2385 747 2468 quod
777 2390 810 2450 et
839 2405 890 2449 res
920 2385 1062 2468 postulat
1092 2390 1126 2450 et
1156 2385 1298 2470 exempla

130 2487 246 2552 docent
269 2525 319 2570 —,
341 2492 377 2551 ut
400 2508 440 2551 ne
463 2493 621 2571 quaterna
643 2486 773 2570 quidem
800 2487 953 2568 disticha,
976 2508 1059 2569 quae
1086 2488 1239 2553 continuo
1262 2486 1297 2552 ab

128 2595 263 2671 utroque
295 2595 490 2672 panguntur,
520 2590 603 2653 inter
625 2609 659 2654 se
683 2594 796 2680 coeant
825 2589 857 2652 in
888 2610 983 2653 unam
1012 2590 1221 2673 sententiam,
1249 2587 1298 2655 sed

130 2697 240 2757 contra
262 2691 409 2775 singulae
432 2692 606 2755 efferantur
633 2693 812 2755 sententiae
838 2691 996 2775 abruptae
1023 2711 1128 2774 neque
1158 2693 1297 2757 intense

132 2794 320 2882 coniunctae
328 2792 360 2877 ¹).
403 2794 518 2875 ltaque
542 2792 752 2857 distichorum
775 2797 889 2856 natura
911 2796 1009 2875 atque
1031 2791 1158 2858 indoles
1184 2792 1298 2877 legenti

129 2901 265 2980 apparet
288 2916 327 2959 ea
350 2895 441 2978 quasi
464 2895 522 2959 illa
543 2895 700 2978 principio
723 2895 847 2958 alterna
870 2894 918 2978 (ut
940 2896 972 2958 in
995 2895 1082 2959 idV
1104 2894 1156 2979 fit)
1179 2895 1298 2974 fuerint,

129 3018 188 3064 nec
210 2997 343 3062 difficile
372 3002 433 3078 est,
464 2997 491 3062 si
514 3017 578 3079 qua
606 3016 768 3078 conamur,
798 2996 878 3060 talia
908 2997 1005 3061 etiam
1035 2997 1216 3062 restituere.
1259 2994 1299 3061 uf.

129 3121 159 3185 p.
185 3101 235 3164 62.
290 3101 339 3164 De
375 3119 439 3182 qua
474 3120 509 3163 re
542 3118 639 3182 saepe
673 3104 706 3163 et
739 3096 868 3163 assidue
901 3098 979 3162 mihi
1014 3099 1170 3182 cogitanti
1204 3099 1300 3182 magis

128 3203 296 3286 magisque
318 3201 465 3267 stabilita
487 3207 536 3266 est
556 3222 595 3265 ea
615 3201 730 3284 opinio,
753 3207 788 3266 nt
808 3200 865 3264 illa
885 3200 1025 3265 disticha
1041 3202 1183 3285 (praeter
1199 3198 1299 3284 unum)

130 3303 307 3371 indicarem
340 3305 439 3368 totius
476 3304 625 3369 carminis
662 3303 762 3368 fuisse
799 3309 964 3385 tamquam
996 3303 1173 3387 primordia
1211 3310 1300 3387 atquc

131 3407 228 3472 etiam
266 3407 446 3490 fragmenta
483 3405 683 3471 Theocritea.
743 3407 1006 3489 Fragmentorum
1048 3406 1134 3469 enim
1176 3406 1301 3472 habitus

132 3506 288 3590 distichis,
310 3529 502 3591 quamquam
525 3509 735 3592 interpolator
757 3508 790 3571 in
812 3509 852 3573 iis
875 3506 1084 3591 disponendis
1103 3514 1138 3573 et
1156 3509 1301 3593 supplen-

132 3610 182 3676 dis
204 3616 350 3676 versatus
373 3617 434 3692 est,
465 3611 645 3675 etiamnunc
675 3611 841 3675 inhaerere
857 3604 1009 3675 'videtur
1053 3610 1147 3676 Hanc
1178 3610 1302 3694 quidem

132 3719 277 3779 naturam
300 3735 356 3779 nos
379 3715 589 3798 conspicimus
617 3720 650 3778 et
678 3714 711 3777 in
742 3714 894 3779 solutiore
924 3714 1155 3779 sententiarum
1186 3734 1304 3780 conexu

133 3822 166 3881 et
187 3818 220 3881 in
243 3838 289 3898 eo,
312 3817 397 3900 quod
420 3811 494 3900 xilp’
509 3817 542 3880 in
563 3838 591 3881 v.
609 3817 658 3898 72,
680 3837 701 3880 a
723 3837 785 3899 quo
805 3816 919 3900 incipit
934 3815 1118 3901 Daphnidis
1138 3817 1303 3896 cantilena,

133 3955 335 3963 —2-—..-.--

218 4037 239 4105 ¹)
258 4036 349 4090 Nolite
368 4051 499 4091 excusare
518 4036 586 4090 hane
603 4053 659 4091 rem
679 4037 896 4091 demonstrantes
916 4035 1032 4091 fortasse
1044 4037 1078 4106 X,
1092 4041 1121 4092 41
1137 4053 1200 4107 sqq.
1219 4031 1253 4092 sci
1269 4037 1304 4090 τῶ

132 4122 202 4175 θείω
221 4119 368 4191 Λιτυέρσα,
393 4122 492 4191 quibus
516 4122 581 4176 Milo
606 4138 710 4177 messor
736 4122 838 4175 Bucaei
862 4121 1014 4176 cantilenae
1039 4123 1189 4178 amatoriae
1213 4124 1248 4178 de
1270 4122 1304 4174 in·

132 4205 237 4262 dustria
256 4209 371 4275 opponit
389 4208 465 4261 utilia
483 4207 611 4261 nonnulla
629 4208 792 4261 rusticorum
809 4212 956 4275 praecepta
975 4208 1134 4277 communia,
1159 4224 1231 4277 quae
1249 4217 1303 4262 cum

132 4292 240 4363 singula
257 4310 307 4362 per
324 4310 354 4349 se
372 4293 488 4362 valeant,
508 4293 576 4346 inter
593 4308 622 4348 se
642 4293 786 4347 cohaerere
804 4309 856 4349 non
877 4309 947 4361 opus
966 4298 1015 4348 est.
1034 4321 1067 4332 -
