2866 4822
524 1159 796 1262 Excursus
832 1160 894 1260 Π.

324 1364 326 1368 ’
373 1345 431 1418 De
457 1344 645 1419 Theocriti
673 1347 802 1421 studiis
828 1346 1042 1420 Homericis.

209 1516 401 1581 Theocritus
424 1515 734 1598 quemadmodum
749 1518 922 1583 Homerum
945 1517 1089 1581 imitatus
1112 1516 1154 1581 sit
1176 1517 1209 1580 in
1232 1537 1301 1582 car-

123 1619 262 1683 minibus
285 1619 360 1700 suis,
383 1638 537 1700 quaerere
560 1620 837 1702 operaepretium
859 1618 988 1684 videtur
1011 1619 1120 1701 esse1).
1150 1619 1300 1702 Stangeri

124 1722 209 1786 enim
233 1720 252 1804 (,
259 1721 376 1785 Homer
399 1721 441 1784 im
457 1721 624 1787 Theocrit’
647 1721 686 1786 cf.
710 1722 807 1786 Blatt.
824 1722 844 1786 f.
861 1720 891 1786 d.
907 1722 1015 1805 bayer·.
1032 1721 1301 1805 Gymn.-Schulw.

123 1825 182 1906 III,
207 1824 288 1888 1867
311 1844 341 1906 p.
361 1825 422 1887 201
444 1823 525 1906 sqq.)
556 1828 588 1888 et
610 1824 721 1888 Futhii
745 1823 799 1908 (de
822 1824 881 1888 Th.
904 1823 986 1889 stud.
1009 1824 1108 1903 Hom,
1131 1822 1206 1888 diss.
1229 1823 1301 1888 Hal.

125 1927 220 2010 1876)
252 1924 332 1990 duas
364 1945 444 2008 quas
477 1926 621 1991 norimus
651 1924 692 1990 de
721 1947 760 1991 ea
789 1948 824 1991 rc
853 1927 990 2010 scriptas
1019 1926 1301 1991 commentationes

124 2030 203 2094 satis
227 2029 465 2094 commenticias
488 2049 591 2111 neque
614 2034 783 2094 accuratas
810 2028 998 2094 iudicamus.
1042 2029 1126 2093 Nam
1153 2048 1223 2093 cum
1246 2028 1301 2092 ille

124 2153 151 2196 v.
172 2131 203 2196 d.
226 2152 256 2215 p.
276 2133 337 2196 207
369 2130 461 2196 dicit:
495 2148 542 2213 ‚es
575 2132 695 2196 konnte
728 2132 818 2196 nicht
851 2131 973 2214 fehlen,
1006 2130 1081 2196 dass
1115 2130 1167 2195 die
1201 2151 1302 2214 ganne

124 2235 239 2300 Poesie
263 2235 347 2298 dus
377 2234 546 2317 allmuhlig
575 2255 636 2299 von
667 2234 740 2299 dem
764 2234 902 2300 Einfluss
932 2234 989 2300 des
1016 2235 1164 2299 Meisters
1186 2233 1302 2318 (Hom.)

124 2337 289 2402 bestimmt
321 2334 387 2399 und
421 2337 453 2400 in
487 2338 538 2400 ein
571 2338 727 2420 gewisses
756 2337 1214 2420 Abhangigkeitsverhttltniss
1247 2357 1303 2419 ge-

124 2439 241 2505 bracht
264 2438 388 2503 wurde’
422 2444 454 2503 81
476 2460 505 2522 p.
526 2441 601 2504 208:
635 2438 722 2522 ,dass
753 2440 811 2504 Th.
835 2461 916 2523 ganz
950 2441 982 2503 in
1016 2439 1078 2503 den
1109 2439 1303 2522 Fusstapfen

125 2541 183 2607 (188
206 2543 324 2606 Homer
347 2541 502 2606 wandelt'
525 2547 558 2607 81
580 2543 706 2624 similia,
736 2543 940 2625 ultraquam
967 2541 1122 2607 credibile
1149 2546 1199 2607 881
1221 2543 1303 2606 veri-

124 2650 227 2710 tatem
250 2650 451 2728 aspernatur;
473 2646 614 2727 itemque
627 2646 789 2727 Futhium,
812 2666 1004 2728 quamquam
1027 2645 1083 2710 illo
1106 2645 1210 2709 minus
1231 2665 1304 2727 per·

125 2767 218 2814 verse
248 2746 379 2829 iudicat,
412 2755 520 2812 tamen
551 2748 606 2830 qui
636 2746 765 2813 schedis
796 2750 862 2813 suis
890 2747 1093 2812 mandaverit
1122 2748 1205 2812 hanc
1232 2767 1303 2812 sen-

125 2852 260 2915 tentiam
283 2851 362 2915 satis
385 2851 543 2933 insignem
559 2850 600 2935 (p.
616 2851 685 2934 24):
709 2851 914 2933 ,Luculenter
929 2856 1083 2933 quantum
1098 2850 1157 2914 Th.
1173 2849 1303 2914 Homeri

125 2953 313 3019 auctoritati
335 2953 492 3034 tribuerit,
515 2954 614 3017 etiam
637 2974 678 3017 ex
701 2973 797 3019 8818
820 2952 965 3037 adparet,
992 2952 1077 3035 quod
1099 2952 1155 3016 ille
1178 2970 1303 3034 semper

125 3062 228 3122 metro
254 3075 326 3121 usus
349 3061 398 3120 est
420 3055 562 3120 heroioo'
589 3061 621 3120 et
644 3055 771 3137 deinde,
799 3055 885 3138 quod
907 3057 965 3120 Th.
989 3076 1092 3137 aeque
1118 3059 1215 3136 atque
1238 3054 1304 3118 Ho-

126 3177 232 3223 merus
255 3178 380 3223 rersum
404 3156 613 3242 spondiaoum
635 3158 811 3239 admiserit,
837 3159 957 3224 talibus
979 3158 1064 3222 male
1086 3156 1304 3240 argumentari

126 3266 228 3345 patet.
271 3261 334 3339 oui
356 3261 416 3325 viri
439 3260 539 3342 docti,
569 3267 605 3326 ut
626 3262 770 3344 protinus
798 3260 955 3342 dicamus,
984 3261 1016 3324 in
1040 3281 1077 3325 eo
1103 3259 1304 3343 potissimum

126 3368 351 3448 peccaverunt,
378 3362 465 3445 quod
487 3369 602 3447 poetae
625 3360 785 3441 εἰδύλλια,
813 3364 871 3429 sub
900 3384 962 3446 quo
989 3362 1095 3427 indice
1118 3383 1179 3427 non
1202 3361 1304 3427 solum

126 3467 219 3531 varia
241 3468 348 3550 poesis
363 3488 491 3549 genera,
514 3465 571 3531 sed
593 3472 721 3550 praeter
742 3468 884 3532 carmina
899 3488 974 3531 vere
990 3465 1184 3531 Theocritea
1206 3465 1304 3529 etiam

127 3570 238 3653 spuria
267 3574 300 3633 et
329 3568 429 3634 dubia
456 3569 593 3635 collecta
616 3575 648 3634 et
676 3570 906 3653 comprehensa
936 3589 1006 3634 esse
1036 3572 1169 3650 constat,
1199 3567 1305 3632 omnia

126 3673 308 3756 promiscua
331 3673 363 3735 in
387 3673 605 3754 quaestionem
628 3678 837 3754 vocaverunt,
864 3680 900 3737 ut
923 3671 964 3736 de
987 3672 1144 3736 universis
1167 3690 1304 3736 summa-

126 3776 185 3839 tim
215 3773 487 3858 praedicaverint,
521 3774 608 3858 quod
641 3776 672 3839 in
706 3776 860 3839 nonnulla
889 3779 977 3840 recte
1011 3772 1140 3858 eaditr).
1195 3772 1304 3838 Oculis

127 3878 213 3941 enim
235 3877 503 3960 perlustrantibus
533 3878 624 3943 nobis
655 3882 687 3942 et
716 3879 788 3961 ipsa
817 3877 959 3943 carmina
988 3880 1020 3940 et
1051 3875 1137 3940 locos
1167 3875 1209 3940 ab
1240 3874 1304 3939 illis

215 4067 224 4096 1
373 4077 377 4086 ·
477 4094 511 4101 -

214 4063 238 4217 11
256 4061 424 4203 11811111)
439 4064 514 4203 ddicit
533 4149 646 4204 Croiset.
665 4148 682 4203 l.
701 4148 718 4203 l.
738 4149 770 4218 V,
789 4166 815 4218 p.
838 4153 898 4202 185:
923 4148 984 4202 «0n
1006 4147 1073 4217 voit,
1099 4146 1190 4216 quelle
1215 4151 1258 4200 est
1280 4145 1307 4200 la

126 4231 232 4290 varitte
250 4234 285 4289 de
304 4251 349 4288 ces
367 4233 487 4303 poemes.
523 4234 548 4288 ll
566 4241 608 4289 est
625 4233 827 4303 indispensable
846 4234 881 4288 de
899 4234 941 4288 les
960 4233 1067 4289 etudier
1084 4247 1134 4302 par
1150 4247 1241 4303 genre,
1260 4247 1306 4290 car

127 4319 277 4375 Theocrito
296 4323 367 4374 n'cst
384 4337 433 4390 pas
453 4326 623 4376 exactement
640 4320 665 4374 le
683 4319 771 4375 meme
789 4320 857 4374 dans
875 4323 964 4377 tous».
