2866 4822
1191 213 1231 280 73

142 383 314 447 Praeterea
336 382 479 448 maxima
505 380 690 448 discrimina
719 382 803 448 inter
832 380 999 448 exordium
1029 387 1062 447 et
1091 385 1232 448 ceterum

53 503 183 549 carmen
206 487 362 567 apparent
385 488 418 548 et
440 481 526 566 quod
542 482 705 547 Menalcas
727 483 759 546 in
783 482 839 547 illo
861 483 1018 549 bubulcus
1037 482 1233 567 producitur,

53 586 87 650 in
118 585 179 651 hoc
209 584 250 670 (v.
275 587 326 668 17)
356 591 463 651 tamen
494 585 601 650 ovium
631 605 861 669 caprarumque
891 589 1001 669 pastor
1031 585 1233 668 cognoscitur

55 688 98 772 (p.
115 686 169 772 53)
192 692 225 752 et
247 686 332 770 quod
355 687 561 753 interlocutor
584 688 733 752 carminis
752 687 786 751 in
806 688 862 752 illo
882 691 1027 772 pastores
1046 692 1232 772 praesentes

55 796 89 855 et
112 795 188 854 ante
211 789 319 855 oculos
341 810 415 855 suos
438 794 572 873 agentes
594 789 785 854 adhortatur
815 789 857 854 ad
889 789 1081 872 canendum,
1109 790 1143 853 in
1172 791 1233 856 1100

55 891 97 977 (v.
115 891 168 976 22)
189 892 236 956 ita
251 891 339 972 iacit,
362 893 454 974 quasi
474 893 561 976 prius
586 891 717 975 aliquod
738 898 899 957 certamen
920 891 1078 957 narrando
1098 897 1233 976 repetat.

142 993 266 1072 Quibus
298 994 407 1059 allatis
440 995 504 1058 iam
538 994 670 1059 dubium
704 1014 766 1058 non
800 1014 870 1059 esse
904 999 1066 1079 putamus,
1100 995 1176 1077 quin
1209 994 1233 1058 ii

56 1115 168 1162 versus
190 1097 254 1161 sint
276 1097 461 1180 interpolati
483 1100 516 1161 et
538 1097 606 1161 sine
629 1096 696 1161 ulla
719 1102 788 1161 arte
808 1102 865 1162 aut
884 1101 990 1162 mente
1006 1097 1191 1181 interpolati
1201 1097 1232 1180 ¹).

56 1200 144 1264 Scite
167 1199 266 1282 igitur
289 1199 466 1264 Buecheler
489 1198 557 1283 (1.1.
580 1219 608 1282 p.
625 1198 699 1283 342)
723 1198 880 1264 iudicavit
901 1200 1022 1265 verbis:
1048 1198 1120 1282 „die
1133 1200 1233 1265 Verse

58 1303 140 1366 1-6
171 1300 288 1365 rbhren
317 1301 375 1366 her
397 1322 458 1366 von
489 1301 591 1365 einem
622 1301 815 1383 armseligen
842 1301 985 1383 Flicker,
1015 1307 1100 1366 etwa
1129 1302 1233 1366 einem

57 1401 395 1469 Geistesverwandten
418 1402 476 1469 des
495 1403 719 1468 Γ1111001111111
739 1404 987 1469 Eratosthenes“
1012 1421 1115 1486 neque
1138 1403 1233 1468 aliter

55 1525 113 1571 nos
135 1504 356 1589 iudicamus.·²)

143 1608 186 1671 nt
206 1606 360 1672 librorum
383 1608 541 1691 scriptura
563 1609 596 1671 in
619 1607 670 1673 his
686 1607 832 1674 versibus
855 1608 951 1673 valde
973 1607 1122 1688 fluctuat3
1144 1609 1234 1674 visne

56 1710 156 1794 igitur
178 1708 308 1775 eredere
327 1710 528 1775 librariorum
549 1710 644 1794 culpa
664 1729 718 1775 eos
733 1711 780 1775 ita
796 1719 960 1795 corruptos
982 1730 1060 1792 esse,
1083 1715 1118 1775 ut
1133 1711 1234 1794 spurii

55 1812 228 1877 videantur
251 1814 340 1877 esse?
377 1813 516 1876 Minime.
561 1812 675 1878 Oleum
698 1818 731 1877 et
754 1833 883 1897 operam
905 1813 1124 1897 perderemus,
1151 1813 1234 1878 siin

56 1915 116 1979 tali
139 1915 238 1980 totius
259 1915 414 1998 prooemii
437 1914 551 1979 habitu
574 1914 711 1999 amplius
734 1935 973 1997 quaereremus,
1004 1935 1087 1998 quae
1109 1915 1234 1980 librarii

56 2016 301 2098 depravassent,
342 2038 425 2099 quae
461 2017 679 2101 probabiliora
716 2022 823 2082 essent
863 2017 1083 2083 anteferenda.
1143 2018 1234 2084 Lioet

57 2122 164 2183 autem
197 2118 281 2183 inter
314 2120 421 2184 varias
450 2119 604 2184 lectiones
638 2120 778 2203 optimae
811 2120 972 2203 eligantur
1005 2124 1102 2202 atque
1137 2119 1234 2184 etiam

57 2221 297 2288 emendationes
320 2222 373 2288 hic
395 2222 462 2287 illic
485 2222 693 2306 accipiantur,
724 2244 763 2287 ea
790 2244 823 2287 re
850 2243 954 2305 neque
981 2227 1095 2288 natura
1126 2243 1234 2288 eorum

55 2345 252 2408 magnopere
274 2345 377 2407 neque
399 2324 553 2390 iudicium
583 2324 624 2389 de
653 2325 693 2390 iis
724 2325 850 2390 omnino
880 2330 1029 2390 mutatur.
1074 2324 1234 2408 Equidem

57 2447 117 2509 ego
140 2426 222 2490 nihil
244 2426 332 2491 aliud
355 2427 547 2492 titubatione
569 2431 662 2491 tanta
684 2426 830 2492 codicum
852 2427 1005 2511 affirmari
1036 2447 1149 2493 censeo
1173 2427 1234 2493 nisi

56 2529 161 2612 ipsam
189 2528 308 2593 malam
337 2548 486 2594 versuum
515 2528 668 2609 indolem,
701 2550 766 2612 qua
798 2534 924 2594 veteres
958 2530 1161 2613 grammatici
1191 2529 1234 2594 ad

57 2630 280 2713 corrigendum
309 2630 439 2715 impulsi
466 2632 538 2696 sint.
583 2632 686 2710 Quam
716 2631 846 2697 obrem
869 2631 937 2697 cod.
958 2633 1061 2697 Vatio.
1084 2631 1156 2716 (m),
1179 2633 1234 2714 qui

57 2733 235 2799 deteriores
256 2734 443 2817 scripturas:
472 2755 501 2798 v.
522 2737 541 2798 2
567 2737 696 2818 πρᾶτος
724 2733 814 2819 (corr.
837 2732 957 2816 Δάφνι)
979 2773 1021 2780 -
1044 2731 1235 2817 ἐφαψάοθω

57 2836 148 2919 (0011.
166 2833 398 2920 ουναψάοθοο),
420 2837 484 2900 13
506 2828 576 2901 ὑπὸ
599 2835 781 2918 (0011111),
803 2858 831 2901 v.
852 2838 871 2901 o
893 2826 1118 2919 ὑποκρίνοιτο
1142 2835 1234 2921 (eorr.

56 2937 303 3022 ποτικρίνοιτο)
334 2938 501 3020 exhibeat,
534 2943 570 3003 ut
601 2939 705 3004 minus
735 2945 896 3004 correctus
931 2939 974 3022 (in
1008 2938 1070 3005 hac
1104 2938 1234 3021 quidem

57 3040 163 3125 parte)
187 3041 343 3123 genuinas
365 3041 520 3106 lectiones
542 3041 706 3125 porrigere
729 3041 807 3106 mihi
830 3041 967 3107 videtur.

144 3157 210 3224 Sed
231 3158 327 3243 paulo
351 3158 514 3225 difficilior
537 3163 586 3224 est
608 3160 676 3225 veri
704 3160 883 3244 exploratio
911 3160 951 3225 de
979 3159 1105 3225 duabus
1133 3161 1234 3224 canti-

56 3262 139 3328 lenis
168 3262 272 3327 7-13
302 3266 335 3326 et
363 3263 501 3343 15-21,
531 3284 615 3345 quae
645 3262 742 3346 vulgo
772 3262 860 3327 10111
890 3268 999 3346 partes
1022 3262 1235 3328 Theocriteae

57 3364 209 3430 carminis
231 3364 402 3447 hahentur,
429 3363 515 3447 quod
538 3364 691 3430 iudicium
713 3365 948 3430 translaticium
971 3365 1104 3449 primus,
1135 3386 1235 3448 quan-

56 3477 124 3533 tum
155 3465 315 3549 videmus,
342 3467 478 3531 Brinker
506 3468 524 3531 l.
544 3467 564 3531 1.
586 3487 616 3551 p.
637 3468 678 3531 33
698 3486 743 3550 sq.
770 3467 894 3532 diluere
926 3473 1058 3533 conatus
1087 3473 1145 3532 est.
1193 3470 1249 3549 Etv

57 3570 111 3652 qui
136 3587 191 3635 eos
212 3569 376 3634 Theocriti
399 3588 469 3633 1111
492 3568 639 3651 credunt,
670 3568 885 3634 concinnitate
908 3575 941 3634 et
962 3568 1072 3653 lepore
1095 3568 1234 3652 quodam

56 3671 263 3757 decipiuntur
289 3693 402 3756 parum
429 3678 577 3738 curantes
605 3691 660 3738 eas
690 3692 754 3753 res,
786 3692 868 3755 quae
900 3673 968 3738 iure
1000 3671 1234 3738 dubitationem

143 3858 165 3927 ¹)
184 3856 275 3928 caput
291 3858 387 3912 mirum
404 3857 475 3912 inter
486 3875 531 3912 vv.
544 3859 589 3913 dd.
603 3858 687 3913 habet
699 3858 828 3913 Zettelius
841 3858 933 3928 (Bran.
946 3858 965 3912 f.
979 3859 1005 3912 d.
1017 3857 1110 3928 bayer.
1124 3859 1235 3929 (1111111.-

57 3943 174 3999 Schulw.
188 3943 237 4011 VI,
252 3943 371 4012 11-13),
391 3943 438 4013 qui
447 3943 623 3998 Theocritum
636 3945 701 3998 talia
718 3944 861 4013 scripsisse
879 3943 974 3998 eredat
992 3949 1020 3998 et
1036 3945 1129 4014 iniquo
1147 3960 1235 4014 prope

57 4029 146 4084 animo
164 4028 312 4083 incredulis
331 4028 433 4083 obiciat
457 4044 516 4082 cum
535 4029 588 4083 alia
611 4029 700 4083 inania
724 4035 781 4083 tum
798 4029 879 4084 haee:
907 4031 995 4096 ,Muss
1014 4046 1044 4084 er
1062 4029 1137 4098 (Th.)
1163 4029 1235 4084 deun

57 4119 127 4170 stete
146 4114 192 4168 die
210 4117 420 4182 ausgetretenen
438 4113 547 4169 Geleise
566 4114 812 4183 dahinhumpeln‘?“
833 4114 900 4169 Cum
917 4115 972 4169 hoo
989 4115 1150 4185 Koechlyuo
1168 4130 1235 4184 quo-

60 4215 113 4268 que
130 4203 187 4255 stat
205 4199 286 4268 (1.1).
305 4229 338 4238 -

144 4281 227 4356 ¹)0f.
247 4283 279 4340 G.
292 4284 435 4340 Hermann.
453 4300 499 4353 op.
513 4283 589 4354 VIII,
607 4301 634 4354 p.
649 4288 695 4339 331
710 4300 752 4354 sq.
770 4315 804 4324 -
