2866 4822
281 397 336 460 καὶ
359 400 423 461 νῦν
447 397 615 481 λαοαμὲιά
637 399 686 461 τῶ
709 393 856 482 κάματος
879 396 915 462 ἐν
938 394 1148 482 ψαμάθοισιν

281 489 357 580 ἵξετ’
374 497 557 584 ἐρημαὶαιοι
579 495 665 578 βοάν
688 492 717 563 δ’
734 495 782 564 ’ἑτι
805 513 874 564 σεῖο
899 495 1038 564 δοκεύει.

127 620 301 683 Praeterea
331 618 363 682 in
391 619 487 684 simili
516 618 591 684 huic
624 619 693 685 loco
725 619 885 685 sententia
914 639 1083 703 rerumque
1117 619 1309 686 condicione

128 720 274 787 videmus
297 722 450 805 scriptum
472 719 515 785 id.
530 722 620 804 XXI,
634 723 688 787 42:

739 819 831 890 εἶδον
853 821 998 908 ἐμαυτόν

282 943 319 1008 ἐν
340 943 447 1029 πέτρᾳ
468 945 631 1024 βεβαῶτα,
654 940 879 1028 καθεζόμενος
903 935 932 1010 δ’
948 942 1110 1010 ἒδόκευοο

281 1043 409 1130 ἰχθύας,

129 1165 196 1248 sed,
226 1187 297 1232 cum
324 1165 366 1230 id.
387 1167 466 1231 XXI
497 1167 540 1231 sit
568 1167 680 1232 incerti
713 1168 862 1249 auctoris,
892 1188 953 1232 non
982 1169 1086 1233 minus
1108 1169 1220 1233 Bionis
1253 1173 1310 1233 aut

129 1269 251 1334 Moschi
275 1290 370 1351 quam
392 1269 557 1334 Theocriti
580 1289 650 1334 esse
678 1274 792 1353 potest.
836 1271 904 1335 Iam
927 1290 1002 1335 vero
1031 1270 1107 1354 pedi
1135 1261 1309 1356 descripti-

130 1392 189 1437 one
212 1371 274 1456 (vv.
290 1370 401 1454 23l24)
424 1372 456 1435 in
479 1372 664 1436 memoriam
687 1377 854 1438 revocatur
877 1372 919 1438 id.
935 1373 1006 1454 Vll,
1022 1375 1128 1450 43l44.

214 1475 284 1540 Hac
306 1475 450 1558 profecto
473 1475 613 1557 imagine
636 1475 716 1540 satis
739 1476 884 1559 speciosa
907 1475 1037 1559 depicta
1059 1475 1210 1560 idyllium
1235 1497 1308 1560 per-

130 1576 211 1643 bene
244 1577 425 1642 absolutum
458 1576 572 1641 haberi
605 1578 718 1660 potuit.
773 1579 875 1656 Quam
909 1579 949 1643 ob
982 1598 1047 1642 rem
1081 1579 1236 1643 miramur
1271 1599 1308 1644 ac

130 1700 232 1763 paene
265 1684 429 1763 stupemus
462 1679 607 1762 legentes
637 1701 676 1744 ea
706 1701 789 1763 quae
819 1678 1036 1763 adiunguntur
1070 1680 1133 1764 (vv.
1156 1681 1308 1765 28—36).

131 1783 221 1860 Quae
243 1786 388 1846 extrema
410 1801 484 1865 pars
507 1782 656 1847 carminis
679 1781 757 1864 quid
780 1782 842 1847 sibi
865 1783 944 1847 velit
966 1782 1026 1848 hoo
1048 1783 1127 1864 loco,
1150 1803 1308 1866 quaeren-

131 1885 217 1948 tibus
240 1888 273 1948 et
295 1884 523 1966 interpretibus
546 1889 579 1947 et
602 1884 722 1949 criticis
744 1903 869 1967 semper
896 1885 964 1950 fere
986 1885 1087 1950 instar
1110 1884 1173 1948 fuit
1196 1886 1308 1968 aenig-

131 1987 234 2050 matis.
279 1986 468 2067 Quicunque
490 1984 525 2049 id
547 2007 565 2049 e
587 1986 728 2050 tenebris
756 1987 788 2050 in
814 1986 918 2051 lucem
945 2007 1079 2052 evocare
1106 1986 1307 2068 studuerunt,

131 2093 303 2173 potuerunt
331 2087 475 2172 proferre
504 2089 702 2154 coniecturas
733 2088 848 2170 varias,
877 2088 935 2154 sed
964 2109 1068 2155 meras
1098 2090 1306 2170 coniecturas,

132 2191 319 2275 plerumque
342 2191 439 2255 etiam
467 2190 680 2256 incredibiles.
725 2191 922 2257 Fritzschins
949 2190 1079 2273 quidem
1110 2191 1163 2275 (ci.
1186 2212 1305 2275 argum.

132 2292 176 2358 ad
205 2293 236 2358 h.
256 2292 324 2377 id.),
357 2294 408 2358 cui
442 2312 590 2358 assensus
627 2299 675 2358 est
712 2293 809 2358 etiam
843 2293 1032 2375 Ahrensius,
1068 2293 1303 2359 Artemidorum

133 2396 376 2480 grammaticum
408 2394 466 2460 hos
499 2414 610 2460 versus
638 2400 801 2478 tamquam
837 2396 997 2480 epilogum
1033 2396 1233 2462 collectionis
1266 2396 1302 2460 ab

134 2499 202 2582 ipso
225 2498 392 2562 institutae
422 2497 463 2562 de
492 2517 548 2563 suo
578 2496 744 2563 addidisse
775 2499 923 2582 opinatus
953 2504 1010 2579 est,
1040 2518 1137 2580 quam
1167 2498 1212 2563 ad
1242 2499 1302 2582 opi·
1343 2490 1344 2494 ’

133 2602 257 2665 nionem
280 2600 336 2665 ille
352 2601 400 2665 vir
420 2598 532 2665 doctus
552 2599 725 2683 perductus
745 2606 815 2666 erat
831 2602 1062 2684 epigrammate
1081 2601 1138 2666 illo
1154 2621 1302 2666 memora-

133 2703 192 2766 bili
215 2703 406 2785 saepiusque
436 2723 456 2766 a
482 2703 560 2768 viris
590 2702 694 2768 doctis
725 2704 825 2768 ascito
858 2702 901 2767 ad
932 2701 1193 2787 disputationem,
1223 2700 1302 2786 quod

133 2803 271 2870 traditur
295 2803 363 2869 cod.
383 2805 489 2869 Ambr.
511 2803 560 2890 (k)
583 2806 643 2870 ita:

430 2915 669 3008 Ἀρτεμιδώρου
691 2928 754 2990 τοῦ
774 2927 1005 3008 γραμματικοῦ

373 3021 417 3078 ἐπὶ
435 3029 469 3094 τῇ
489 3019 617 3093 ἀθροίσει
636 3029 692 3078 τῶν
709 3029 890 3096 βουκολικῶν
907 3017 1081 3092 ποιημάτων.

220 3146 426 3211 Βουκολικαὶ
453 3151 574 3211 Μοῖσαι
596 3142 762 3230 σποράδες
784 3143 883 3225 ποκά,
908 3148 970 3212 οὖν
993 3138 1022 3211 d'
1038 3137 1105 3230 άμα
1127 3149 1232 3211 πᾶσαι

288 3248 357 3312 ἐντὶ
379 3252 455 3331 μιᾶς
476 3245 633 3332 μάνδρας,
655 3249 726 3313 ἐντὶ
747 3252 823 3333 μιᾶς
847 3243 974 3334 ἀγέλας.

137 3371 185 3432 Ex
208 3370 268 3433 hoc
292 3369 523 3451 epigrammate
546 3368 741 3434 Fritzschius
764 3369 931 3433 constituit
956 3368 1077 3453 duplex
1103 3374 1305 3434 momentum:

136 3473 223 3554 prius
254 3470 490 3535 Artemidorum
523 3471 612 3535 illum
641 3471 859 3561 collectionem
890 3472 1064 3536 carminum
1093 3472 1305 3538 bucolicorum

35 3635 37 3638 .
136 3574 322 3656 perfecisse,
355 3574 388 3638 id
419 3573 504 3657 quod
534 3594 567 3638 re
597 3594 673 3638 vera
706 3574 781 3638 inde
814 3574 970 3657 sequitur,
1003 3574 1139 3639 alterum
1175 3573 1305 3639 eundem

137 3675 385 3758 Artemidorum,
415 3677 470 3758 qui
501 3677 697 3760 epigramma
727 3677 877 3760 (fortasse
911 3678 944 3741 in
976 3679 1082 3761 capite
1112 3677 1306 3743 collectionis

137 3777 288 3861 positum)
312 3798 332 3842 a
353 3779 461 3843 verbis
484 3780 691 3842 Βουκολικαὶ
715 3784 840 3843 Μοῖσαι
868 3779 1015 3862 incipiat,
1043 3779 1208 3863 epilogum
1236 3799 1307 3862 quo·

138 3902 199 3964 que
222 3882 278 3962 IX,
301 3882 435 3944 28-36
459 3879 634 3945 ordientem
662 3882 703 3944 ab
731 3881 843 3946 iisdem
867 3881 999 3947 vocibus
1026 3882 1202 3965 scripsisse.
1247 3879 1307 3948 Sed

137 3984 198 4050 hoo
225 3984 359 4048 alterum
389 3989 608 4067 argumentum
639 3984 741 4048 fallax
773 3990 870 4068 atque
900 3985 994 4050 futile
1023 3990 1080 4050 est.
1125 3987 1210 4050 Nam
1241 4006 1306 4052 cum

138 4087 207 4171 ipse
230 4085 418 4150 Theocritus
442 4084 497 4171 (id.
512 4087 536 4167 I,
552 4088 593 4150 ol
609 4106 676 4168 sqq.
700 4092 733 4151 et
752 4087 822 4168 Vll,
837 4088 892 4170 49)
916 4079 1034 4151 ἀοιδάν
1056 4086 1308 4154 denominaverit

138 4185 345 4268 βουκολικάν
368 4193 465 4270 atque
489 4190 585 4253 etiam
613 4189 645 4252 in
673 4189 715 4253 id.
735 4190 759 4269 l,
779 4191 820 4253 20
842 4227 884 4235 -
907 4211 1000 4273 quem
1028 4188 1159 4273 quidem
1186 4211 1308 4256 versum

139 4292 292 4356 Fritzsoh.
323 4291 384 4356 sibi
414 4289 646 4355 incommodum
677 4292 834 4357 immerito
865 4291 965 4356 deleri
996 4292 1078 4374 vult,
1109 4328 1153 4339 —
1185 4295 1310 4366 Μοίρας
