2866 4822
130 261 171 324 62

130 429 258 493 demum
281 430 313 493 in
335 430 419 495 huno
443 429 585 494 ordinem
614 430 931 512 coniunctionemque
958 429 1107 495 redaetos
1135 449 1221 510 esse,
1247 429 1301 495 sed

129 531 285 616 prinoipio
308 532 374 597 alia
404 531 612 616 dispositione
642 533 770 615 alioque
801 532 934 597 oonsilio
963 533 1099 616 seriptos
1129 532 1231 598 fuisse
1254 533 1302 597 vel

129 633 268 697 maxime
291 634 494 717 oonspiouum
519 638 567 698 est
594 638 626 697 et
648 653 742 698 versu
766 631 851 716 76¹),
882 632 967 715 quod
997 633 1089 698 deest
1119 634 1204 698 inter
1234 655 1301 698 eum

129 755 255 800 versum
278 740 311 800 et
333 735 560 800 antecedentes
583 757 674 801 omne
689 735 849 800 viueulum
870 755 931 799 non
951 736 1055 802 minus
1074 738 1300 801 sententiarum

130 858 225 920 quam
247 838 428 917 verborum,
459 842 491 902 et
519 857 614 903 versu
644 839 698 918 63,
728 835 813 918 quod
836 837 1002 901 Menalcae
1032 842 1068 901 ut
1098 837 1233 921 opilioni
1262 838 1302 903 ad

129 939 354 1004 Theooriteam
385 938 513 1021 quidem
542 939 697 1004 rationem
725 938 896 1003 dicendum
923 960 986 1004 non
1013 939 1075 1003 fuit
1101 938 1143 1004 de
1171 940 1301 1020 eapellis

129 1042 180 1122 (es.
195 1063 224 1126 p.
241 1044 281 1107 52
294 1041 386 1125 sqq.);
409 1062 502 1124 quem
525 1060 652 1106 versum
675 1041 800 1105 etiamsi
824 1040 912 1125 apud
927 1041 1100 1106 Stobaeum
1118 1042 1197 1126 (flor.
1212 1045 1260 1124 78,
1272 1042 1300 1127 2)

129 1144 281 1209 traditum
306 1146 352 1210 sie
374 1143 553 1209 videamus:

231 1265 344 1345 φείδεο
367 1268 437 1328 τῶν
459 1255 583 1348 ἀρνῶν,
608 1266 721 1344 φείθευ
744 1261 824 1331 λύκε
846 1267 916 1329 τῶν
938 1264 1066 1350 ἐρίφων
1088 1291 1150 1350 μευ

128 1404 292 1450 versamur
314 1385 346 1448 in
373 1383 487 1448 iisdem
517 1385 687 1467 angustiis,
717 1385 778 1450 nisi
807 1385 891 1450 forte
921 1383 1005 1469 (oum
1028 1386 1204 1469 Meinekio)
1235 1389 1299 1450 τῶν

130 1478 243 1568 ἀρνῶν
269 1487 373 1570 priore
403 1487 485 1567 loco,
515 1507 576 1551 non
606 1490 676 1550 των
699 1487 826 1571 ἐρίφων
857 1488 960 1552 altero
991 1488 1060 1553 loeo
1091 1489 1124 1551 in
1154 1489 1298 1572 idyllium

128 1589 306 1672 recipimus,
329 1587 415 1671 quod
437 1609 477 1653 ne
498 1589 667 1670 fodiamus,
690 1591 813 1654 ratione
834 1589 1034 1672 impedimur.
1064 1591 1180 1673 Itaque
1196 1592 1297 1655 neseio

127 1712 168 1789 an
195 1713 230 1756 re
252 1712 329 1756 vera
358 1711 468 1756 versus
498 1693 624 1756 63-76
655 1691 792 1756 diverbii
822 1698 930 1775 partes
961 1692 1079 1756 fuerint
1109 1692 1297 1757 distributae

128 1794 210 1857 inter
232 1794 403 1877 opilionem
427 1798 460 1858 et
482 1794 661 1876 eaprarium
683 1794 744 1859 hoe
766 1793 834 1858 fere
857 1793 963 1858 modo:

636 1961 787 2040 αἰπόλος.

170 2085 211 2148 63
234 2085 348 2165 φείδεο
370 2087 441 2148 των
465 2085 602 2167 ἐρίφων,
627 2084 750 2166 φείδεο,
776 2082 869 2162 λύκε,
892 2087 955 2149 πᾶν
979 2081 1139 2150 τοκάθων
1159 2111 1229 2169 μευ,

171 2188 213 2250 64
234 2178 308 2273 μήθ’
322 2178 427 2252 ddisse
449 2178 481 2269 μ’
499 2178 550 2250 ὅτι
572 2181 690 2271 μικκὸς
713 2183 779 2251 ἐών
800 2191 978 2252 πολλαῖσιν
1001 2177 1162 2272 ὁμαρτέω.

650 2355 782 2443 ποιμήν.

171 2480 211 2542 65
230 2462 262 2541 ὦ
286 2474 468 2560 Λάμποορε
491 2473 585 2555 κύον,
609 2471 702 2542 οὕτω
723 2469 832 2556 βαθῦς
854 2470 963 2553 ὕπνος
986 2472 1048 2559 ’έχει
1071 2500 1130 2552 τυ,·

171 2581 212 2644 66
236 2570 277 2643 οὗ
299 2583 361 2665 χρῆ
383 2582 565 2663 κοιμᾶσθαι
588 2580 720 2658 βαθέως
743 2575 804 2643 σὺν
827 2579 922 2642 παιδὶ
946 2579 1099 2662 νέμοντα.

637 2729 789 2807 αἰπόλος.

171 2853 212 2915 69
235 2853 330 2915 σὶττα
352 2851 504 2930 νέμεσθε,
527 2852 678 2934 νέμεσθε,
700 2848 742 2914 τὰ
766 2840 794 2911 6>
810 2845 943 2914 οὔθατα
966 2847 1115 2936 πλήσατε
1138 2853 1252 2930 πᾶσαι,

171 2954 211 3017 76
234 2948 279 3029 ὡς
302 2950 341 3017 τὸ
364 2953 425 3037 μὲν
447 2946 551 3035 ὥρνες
574 2951 702 3035 ἔχωντι,
725 2948 764 3016 τὸ
788 2943 816 3014 d'
833 2951 865 3025 ἐς
887 2946 1041 3034 ταλάρως
1064 2943 1256 3036 ἀποθῶμαι.

644 3118 777 3209 ποιμήν.

171 3248 211 3311 67
234 3247 288 3309 ταί
312 3238 340 3308 d’
357 3239 432 3320 ὄιες,
454 3235 528 3327 μηδ’
544 3235 647 3327 ὔμμες
669 3232 798 3307 όκνεῐθ
816 3233 947 3316 ἁπαλὰς
970 3242 1177 3324 κορέσασθαι

169 3350 210 3413 68
235 3349 348 3424 ποίας·
372 3339 447 3411 οὔτι
470 3337 633 3428 καμεῑσθ’,
658 3338 743 3410 ὅκκα
765 3341 871 3409 πάλιν
895 3337 953 3408 ἅδε
976 3341 1109 3428 φύηται.

213 3571 233 3636 ¹)
253 3570 284 3622 In
301 3569 355 3623 hoo
372 3585 452 3624 versu
470 3568 638 3636 ineptissime
656 3561 688 3621 td
707 3570 816 3633 πνεῦμα
834 3568 1045 3634 interpretantur
1068 3569 1116 3634 τῆς
1138 3560 1254 3636 πόρτιος
1272 3570 1296 3621 et

126 3655 214 3709 bonus
232 3655 347 3710 Vossius
365 3655 472 3724 erravit,
491 3670 552 3707 eum
570 3659 690 3707 verteret
708 3670 733 3706 v.
747 3658 791 3707 76:
816 3653 950 3721 ‚Liebiieh
974 3653 1010 3706 ist
1028 3652 1076 3706 der
1093 3652 1183 3706 Kalbe
1203 3652 1295 3717 Geton,

127 3742 182 3794 und
200 3740 310 3795 lieblioh
327 3741 368 3794 ihr
387 3740 493 3807 Odem’‚
516 3740 566 3794 sed
584 3739 746 3793 vertendum
771 3744 813 3792 est
830 3744 905 3791 reete
924 3739 975 3791 sio:
995 3736 1128 3806 ,Lieblieh
1148 3742 1237 3791 ertdnt
1255 3738 1296 3791 die

126 3825 237 3879 Stimme
256 3825 306 3878 des
325 3824 428 3879 Kalbes
445 3825 501 3878 und
519 3823 772 3893 Windosgesiinsel’
791 3822 836 3877 vel
855 3823 922 3891 ‚und
940 3823 1049 3877 lieblioh
1068 3822 1112 3876 die
1132 3822 1234 3877 Fldte'.
1261 3815 1315 3875 Τόί

126 3913 235 3976 πνεῦμα
253 3909 336 3979 igitur
360 3909 456 3963 eadem
474 3908 531 3962 fere
549 3909 577 3961 vi
595 3909 783 3976 accipiendum
803 3913 894 3961 estse
912 3901 1074 3977 ψιθύρισμα
1094 3908 1115 3973 t,
1131 3913 1152 3975 1,
1178 3909 1228 3962 sed
1247 3924 1296 3962 am-

125 3995 235 4064 bigitur,
259 3999 348 4048 utrum
372 3994 466 4048 flatum
489 3993 588 4047 lenium
607 3999 749 4048 ventorum
772 4024 804 4031 -
828 3993 934 4046 namin
959 4009 992 4046 eo
1017 4007 1128 4061 quoque
1153 3998 1195 4046 est
1219 3985 1296 4061 φωνή

127 4079 160 4134 of.
174 4081 194 4148 1,
209 4086 220 4134 1
235 4095 294 4148 sqq.
314 4111 346 4117 -
365 4093 398 4131 an
416 4078 523 4133 fistulae
540 4080 762 4147 interpretemnr;
786 4079 860 4146 prius
879 4084 968 4132 tamen
992 4083 1022 4131 ut
1040 4079 1126 4146 magis
1145 4078 1297 4133 eondioioni

127 4170 337 4220 consentaneum
355 4163 549 4228 anteferamus3
573 4179 634 4217 nam
653 4166 699 4233 qui
718 4164 823 4217 fervida
841 4167 945 4217 aestate
964 4163 1016 4217 sub
1035 4164 1100 4216 divo
1125 4170 1251 4234 moratur,
1275 4164 1297 4217 ei

127 4256 268 4305 ventorum
286 4249 366 4303 flatus
385 4255 413 4302 et
431 4264 545 4315 corpora
563 4247 726 4317 refrigerans
744 4253 772 4302 et
795 4263 936 4302 susurrans
958 4248 985 4300 in
1007 4247 1133 4301 arborum
1156 4247 1297 4302 frondibus

126 4335 336 4391 iucundissimus
349 4339 397 4390 est.
416 4331 456 4389 uf.
469 4332 556 4388 Thoe.
568 4333 616 4402 lv,
629 4337 661 4388 26
675 4336 793 4402 (πνεῦμα
806 4357 837 4378 =
851 4336 969 4400 ventus).
981 4362 1015 4371 -
1028 4332 1109 4401 Verg.
1120 4334 1257 4402 eol.V,82.
1266 4361 1297 4374 -
