<?xml version="1.0" encoding="UTF-8"?>
<!DOCTYPE html PUBLIC "-//W3C//DTD XHTML 1.0 Transitional//EN"
    "http://www.w3.org/TR/xhtml1/DTD/xhtml1-transitional.dtd">
<html xmlns="http://www.w3.org/1999/xhtml" xml:lang="en" lang="en">
 <head>
  <title>
</title>
<meta http-equiv="Content-Type" content="text/html;charset=utf-8" />
  <meta name='ocr-system' content='tesseract 3.04.00' />
  <meta name='ocr-capabilities' content='ocr_page ocr_carea ocr_par ocr_line ocrx_word'/>
</head>
<body>
  <div class='ocr_page' id='page_1' title='image "./theocritiidylli00kattgoog_0071.png"; bbox 0 0 2866 4822; ppageno 0'>
   <div class='ocr_carea' id='block_1_1' title="bbox 128 255 170 319">
    <p class='ocr_par' dir='ltr' id='par_1_1' title="bbox 128 255 170 319">
     <span class='ocr_line' id='line_1_1' title="bbox 128 255 170 319; baseline 0 0"><span class='ocrx_word' id='word_1_1' title='bbox 128 255 170 319; x_wconf 81' lang='lat' dir='ltr'><strong>oo</strong></span> 
     </span>
    </p>
   </div>
   <div class='ocr_carea' id='block_1_2' title="bbox 128 424 1295 612">
    <p class='ocr_par' dir='ltr' id='par_1_2' title="bbox 128 424 1295 612">
     <span class='ocr_line' id='line_1_2' title="bbox 130 424 1295 511; baseline 0.003 -22"><span class='ocrx_word' id='word_1_2' title='bbox 130 424 172 489; x_wconf 94' lang='lat' dir='ltr'><strong>de</strong></span> <span class='ocrx_word' id='word_1_3' title='bbox 195 425 263 489; x_wconf 91' lang='lat' dir='ltr'><strong>eius</strong></span> <span class='ocrx_word' id='word_1_4' title='bbox 286 444 422 509; x_wconf 89' lang='lat' dir='ltr'><strong>persona</strong></span> <span class='ocrx_word' id='word_1_5' title='bbox 449 446 564 509; x_wconf 82' lang='lat' dir='ltr'>nempe</span> <span class='ocrx_word' id='word_1_6' title='bbox 593 429 628 488; x_wconf 90' lang='lat' dir='ltr'><strong>ut</strong></span> <span class='ocrx_word' id='word_1_7' title='bbox 658 424 805 490; x_wconf 90' lang='lat' dir='ltr'><strong>fabulosa</strong></span> <span class='ocrx_word' id='word_1_8' title='bbox 835 424 980 492; x_wconf 89' lang='lat' dir='ltr'><strong>dicentes</strong></span> <span class='ocrx_word' id='word_1_9' title='bbox 1010 425 1101 507; x_wconf 87' lang='lat' dir='ltr'><strong>facit;</strong></span> <span class='ocrx_word' id='word_1_10' title='bbox 1130 427 1242 511; x_wconf 91' lang='lat' dir='ltr'><strong>itaque</strong></span> <span class='ocrx_word' id='word_1_11' title='bbox 1269 429 1295 492; x_wconf 90' lang='lat' dir='ltr'><strong>iu</strong></span> 
     </span>
     <span class='ocr_line' id='line_1_3' title="bbox 128 527 1142 612; baseline 0.003 -20"><span class='ocrx_word' id='word_1_12' title='bbox 128 527 171 594; x_wconf 89' lang='lat' dir='ltr'><strong>id.</strong></span> <span class='ocrx_word' id='word_1_13' title='bbox 187 529 224 612; x_wconf 88' lang='lat' dir='ltr'><strong>V,</strong></span> <span class='ocrx_word' id='word_1_14' title='bbox 240 530 281 593; x_wconf 89' lang='lat'><strong>80</strong></span> <span class='ocrx_word' id='word_1_15' title='bbox 304 528 452 594; x_wconf 81' lang='lat' dir='ltr'><strong>Comatae</strong></span> <span class='ocrx_word' id='word_1_16' title='bbox 475 533 584 612; x_wconf 91' lang='lat' dir='ltr'><strong>pastor</strong></span> <span class='ocrx_word' id='word_1_17' title='bbox 607 549 679 593; x_wconf 91' lang='lat' dir='ltr'><strong>eum</strong></span> <span class='ocrx_word' id='word_1_18' title='bbox 702 533 927 594; x_wconf 80' lang='lat' dir='ltr'><strong>commemorat</strong></span> <span class='ocrx_word' id='word_1_19' title='bbox 948 530 999 594; x_wconf 90' lang='lat' dir='ltr'><strong>his</strong></span> <span class='ocrx_word' id='word_1_20' title='bbox 1022 531 1142 596; x_wconf 90' lang='lat' dir='ltr'><strong>verbis:</strong></span> 
     </span>
    </p>
   </div>
   <div class='ocr_carea' id='block_1_3' title="bbox 171 639 1296 734">
    <p class='ocr_par' dir='ltr' id='par_1_3' title="bbox 171 639 1296 734">
     <span class='ocr_line' id='line_1_4' title="bbox 171 639 1296 734; baseline 0.003 -22"><span class='ocrx_word' id='word_1_21' title='bbox 171 647 226 712; x_wconf 83' lang='grc' dir='ltr'><strong>ταὶ</strong></span> <span class='ocrx_word' id='word_1_22' title='bbox 248 649 373 713; x_wconf 79' lang='grc' dir='ltr'><em>Μοῖσαὶ</em></span> <span class='ocrx_word' id='word_1_23' title='bbox 394 671 433 730; x_wconf 84' lang='grc' dir='ltr'><strong>με</strong></span> <span class='ocrx_word' id='word_1_24' title='bbox 457 650 609 728; x_wconf 70' lang='lat' dir='ltr'><strong>celeriore</strong></span> <span class='ocrx_word' id='word_1_25' title='bbox 631 643 720 713; x_wconf 76' lang='lat' dir='ltr'><strong>aoid</strong></span> <span class='ocrx_word' id='word_1_26' title='bbox 744 647 851 713; x_wconf 76' lang='grc' dir='ltr'><strong><em>πλέον</em></strong></span> <span class='ocrx_word' id='word_1_27' title='bbox 873 640 893 734; x_wconf 78' lang='grc' dir='ltr'>ἢ</span> <span class='ocrx_word' id='word_1_28' title='bbox 914 644 976 713; x_wconf 81' lang='grc' dir='ltr'><strong>τὸν</strong></span> <span class='ocrx_word' id='word_1_29' title='bbox 1001 639 1119 714; x_wconf 84' lang='grc' dir='ltr'><em>ἀοιδόν</em></span> <span class='ocrx_word' id='word_1_30' title='bbox 1136 647 1140 732; x_wconf 92' lang='grc' dir='ltr'>Ι</span> <span class='ocrx_word' id='word_1_31' title='bbox 1159 645 1296 731; x_wconf 75' lang='grc' dir='ltr'><em>Δάφνιν·</em></span> 
     </span>
    </p>
   </div>
   <div class='ocr_carea' id='block_1_4' title="bbox 127 777 1298 2604">
    <p class='ocr_par' dir='ltr' id='par_1_4' title="bbox 127 777 1298 2604">
     <span class='ocr_line' id='line_1_5' title="bbox 128 777 1297 868; baseline 0.003 -22"><span class='ocrx_word' id='word_1_32' title='bbox 128 784 176 848; x_wconf 90' lang='lat' dir='ltr'><strong>ita</strong></span> <span class='ocrx_word' id='word_1_33' title='bbox 197 784 229 847; x_wconf 91' lang='lat' dir='ltr'><strong>in</strong></span> <span class='ocrx_word' id='word_1_34' title='bbox 252 782 295 847; x_wconf 94' lang='lat' dir='ltr'><strong>id.</strong></span> <span class='ocrx_word' id='word_1_35' title='bbox 315 785 339 864; x_wconf 95' lang='grc' dir='ltr'><strong>Ι,</strong></span> <span class='ocrx_word' id='word_1_36' title='bbox 357 785 396 847; x_wconf 87' lang='lat'><strong>19</strong></span> <span class='ocrx_word' id='word_1_37' title='bbox 420 788 452 847; x_wconf 93' lang='lat' dir='ltr'><strong>et</strong></span> <span class='ocrx_word' id='word_1_38' title='bbox 474 781 516 847; x_wconf 90' lang='lat' dir='ltr'><strong>id.</strong></span> <span class='ocrx_word' id='word_1_39' title='bbox 538 783 574 863; x_wconf 90' lang='lat' dir='ltr'><strong>V,</strong></span> <span class='ocrx_word' id='word_1_40' title='bbox 595 785 636 846; x_wconf 83' lang='lat'><strong>20</strong></span> <span class='ocrx_word' id='word_1_41' title='bbox 658 778 700 846; x_wconf 86' lang='grc' dir='ltr'><strong>τὰ</strong></span> <span class='ocrx_word' id='word_1_42' title='bbox 723 778 890 862; x_wconf 80' lang='grc' dir='ltr'><em>Δάφνιδος</em></span> <span class='ocrx_word' id='word_1_43' title='bbox 914 777 1015 867; x_wconf 79' lang='grc' dir='ltr'><em>ἄλγεα</em></span> <span class='ocrx_word' id='word_1_44' title='bbox 1045 785 1146 848; x_wconf 90' lang='lat' dir='ltr'><strong>etiam</strong></span> <span class='ocrx_word' id='word_1_45' title='bbox 1176 785 1209 849; x_wconf 93' lang='lat' dir='ltr'><strong>in</strong></span> <span class='ocrx_word' id='word_1_46' title='bbox 1233 805 1297 868; x_wconf 92' lang='lat' dir='ltr'><strong>pro-</strong></span> 
     </span>
     <span class='ocr_line' id='line_1_6' title="bbox 128 883 1298 970; baseline 0.001 -20"><span class='ocrx_word' id='word_1_47' title='bbox 128 885 239 950; x_wconf 87' lang='lat' dir='ltr'><strong>verbio</strong></span> <span class='ocrx_word' id='word_1_48' title='bbox 265 890 442 966; x_wconf 80' lang='lat' dir='ltr'>versantur,</span> <span class='ocrx_word' id='word_1_49' title='bbox 471 885 613 967; x_wconf 87' lang='lat' dir='ltr'>itemque</span> <span class='ocrx_word' id='word_1_50' title='bbox 642 885 676 948; x_wconf 92' lang='lat' dir='ltr'><strong>in</strong></span> <span class='ocrx_word' id='word_1_51' title='bbox 702 883 745 949; x_wconf 91' lang='lat' dir='ltr'><strong>id.</strong></span> <span class='ocrx_word' id='word_1_52' title='bbox 765 884 836 965; x_wconf 86' lang='lat' dir='ltr'>VII,</span> <span class='ocrx_word' id='word_1_53' title='bbox 857 885 897 949; x_wconf 82' lang='lat'><strong>73</strong></span> <span class='ocrx_word' id='word_1_54' title='bbox 917 904 984 968; x_wconf 92' lang='lat' dir='ltr'><strong>sqq.</strong></span> <span class='ocrx_word' id='word_1_55' title='bbox 1007 885 1114 968; x_wconf 80' lang='lat' dir='ltr'><strong>Tityri</strong></span> <span class='ocrx_word' id='word_1_56' title='bbox 1145 885 1219 970; x_wconf 86' lang='lat' dir='ltr'><strong>(sub</strong></span> <span class='ocrx_word' id='word_1_57' title='bbox 1242 907 1298 969; x_wconf 90' lang='lat' dir='ltr'><strong>quo</strong></span> 
     </span>
     <span class='ocr_line' id='line_1_7' title="bbox 128 985 1297 1073; baseline 0.002 -22"><span class='ocrx_word' id='word_1_58' title='bbox 128 988 255 1052; x_wconf 90' lang='lat' dir='ltr'><strong>nomine</strong></span> <span class='ocrx_word' id='word_1_59' title='bbox 277 988 413 1053; x_wconf 83' lang='lat' dir='ltr'><strong>sortasse</strong></span> <span class='ocrx_word' id='word_1_60' title='bbox 436 985 656 1051; x_wconf 82' lang='lat' dir='ltr'><strong>Alexandrum</strong></span> <span class='ocrx_word' id='word_1_61' title='bbox 678 986 828 1051; x_wconf 80' lang='lat' dir='ltr'><strong>Aetolum</strong></span> <span class='ocrx_word' id='word_1_62' title='bbox 855 987 958 1051; x_wconf 90' lang='lat' dir='ltr'><strong>latere</strong></span> <span class='ocrx_word' id='word_1_63' title='bbox 980 988 1118 1052; x_wconf 90' lang='lat' dir='ltr'><strong>Meinek.</strong></span> <span class='ocrx_word' id='word_1_64' title='bbox 1143 988 1297 1073; x_wconf 79' lang='lat' dir='ltr'><strong>opinatur)</strong></span> 
     </span>
     <span class='ocr_line' id='line_1_8' title="bbox 129 1088 1298 1173; baseline -0.001 -17"><span class='ocrx_word' id='word_1_65' title='bbox 129 1110 255 1156; x_wconf 84' lang='lat' dir='ltr'><strong>carmen</strong></span> <span class='ocrx_word' id='word_1_66' title='bbox 289 1088 330 1154; x_wconf 92' lang='lat' dir='ltr'><strong>de</strong></span> <span class='ocrx_word' id='word_1_67' title='bbox 363 1088 545 1173; x_wconf 82' lang='lat' dir='ltr'><strong>Daphnidis</strong></span> <span class='ocrx_word' id='word_1_68' title='bbox 578 1109 685 1153; x_wconf 89' lang='lat' dir='ltr'><strong>amore</strong></span> <span class='ocrx_word' id='word_1_69' title='bbox 719 1094 752 1154; x_wconf 91' lang='lat' dir='ltr'><strong>et</strong></span> <span class='ocrx_word' id='word_1_70' title='bbox 785 1088 949 1154; x_wconf 93' lang='lat' dir='ltr'><strong>doloribus</strong></span> <span class='ocrx_word' id='word_1_71' title='bbox 983 1090 1119 1155; x_wconf 88' lang='lat' dir='ltr'><strong>strictim</strong></span> <span class='ocrx_word' id='word_1_72' title='bbox 1158 1091 1298 1172; x_wconf 81' lang='lat' dir='ltr'><strong>refertur,</strong></span> 
     </span>
     <span class='ocr_line' id='line_1_9' title="bbox 129 1191 1298 1277; baseline 0.002 -21"><span class='ocrx_word' id='word_1_73' title='bbox 129 1192 258 1257; x_wconf 89' lang='lat' dir='ltr'><strong>uberius</strong></span> <span class='ocrx_word' id='word_1_74' title='bbox 287 1197 394 1256; x_wconf 88' lang='lat' dir='ltr'><strong>tamen</strong></span> <span class='ocrx_word' id='word_1_75' title='bbox 424 1191 538 1256; x_wconf 88' lang='lat' dir='ltr'><strong>eadem</strong></span> <span class='ocrx_word' id='word_1_76' title='bbox 567 1212 617 1256; x_wconf 91' lang='lat' dir='ltr'><strong>res</strong></span> <span class='ocrx_word' id='word_1_77' title='bbox 648 1193 679 1256; x_wconf 95' lang='lat' dir='ltr'><strong>in</strong></span> <span class='ocrx_word' id='word_1_78' title='bbox 713 1191 879 1276; x_wconf 89' lang='lat' dir='ltr'><strong>praeclaro</strong></span> <span class='ocrx_word' id='word_1_79' title='bbox 909 1191 965 1256; x_wconf 93' lang='lat' dir='ltr'><strong>illo</strong></span> <span class='ocrx_word' id='word_1_80' title='bbox 999 1191 1117 1276; x_wconf 88' lang='lat' dir='ltr'><strong>hymno</strong></span> <span class='ocrx_word' id='word_1_81' title='bbox 1149 1192 1259 1277; x_wconf 92' lang='lat' dir='ltr'><strong>idyllii</strong></span> <span class='ocrx_word' id='word_1_82' title='bbox 1278 1195 1298 1274; x_wconf 84' lang='lat'><strong>1,</strong></span> 
     </span>
     <span class='ocr_line' id='line_1_10' title="bbox 127 1294 1298 1377; baseline 0.002 -19"><span class='ocrx_word' id='word_1_83' title='bbox 127 1315 157 1358; x_wconf 82' lang='lat' dir='ltr'><strong>u.</strong></span> <span class='ocrx_word' id='word_1_84' title='bbox 177 1296 219 1358; x_wconf 84' lang='grc'><strong>64</strong></span> <span class='ocrx_word' id='word_1_85' title='bbox 238 1315 306 1377; x_wconf 94' lang='lat' dir='ltr'><strong>sqq.</strong></span> <span class='ocrx_word' id='word_1_86' title='bbox 328 1299 458 1358; x_wconf 89' lang='lat' dir='ltr'><strong>narrata</strong></span> <span class='ocrx_word' id='word_1_87' title='bbox 481 1298 538 1358; x_wconf 90' lang='lat' dir='ltr'><strong>est.</strong></span> <span class='ocrx_word' id='word_1_88' title='bbox 583 1295 632 1357; x_wconf 82' lang='lat' dir='ltr'><strong>Ex</strong></span> <span class='ocrx_word' id='word_1_89' title='bbox 656 1294 771 1376; x_wconf 92' lang='lat' dir='ltr'><strong>quibus</strong></span> <span class='ocrx_word' id='word_1_90' title='bbox 793 1295 932 1359; x_wconf 84' lang='lat' dir='ltr'><strong>maxime</strong></span> <span class='ocrx_word' id='word_1_91' title='bbox 955 1295 1112 1376; x_wconf 81' lang='lat' dir='ltr'><strong>sequitur,</strong></span> <span class='ocrx_word' id='word_1_92' title='bbox 1139 1300 1176 1359; x_wconf 93' lang='lat' dir='ltr'><strong>ut</strong></span> <span class='ocrx_word' id='word_1_93' title='bbox 1199 1296 1298 1360; x_wconf 83' lang='lat' dir='ltr'><strong>Theo·</strong></span> 
     </span>
     <span class='ocr_line' id='line_1_11' title="bbox 129 1395 1297 1480; baseline 0.001 -19"><span class='ocrx_word' id='word_1_94' title='bbox 129 1397 227 1462; x_wconf 90' lang='lat' dir='ltr'><strong>critus</strong></span> <span class='ocrx_word' id='word_1_95' title='bbox 251 1396 292 1460; x_wconf 91' lang='lat' dir='ltr'><strong>de</strong></span> <span class='ocrx_word' id='word_1_96' title='bbox 314 1396 425 1460; x_wconf 81' lang='lat' dir='ltr'><strong>tabula</strong></span> <span class='ocrx_word' id='word_1_97' title='bbox 444 1396 626 1480; x_wconf 81' lang='lat' dir='ltr'><strong>Daphnidis</strong></span> <span class='ocrx_word' id='word_1_98' title='bbox 649 1415 773 1480; x_wconf 91' lang='lat' dir='ltr'><strong>semper</strong></span> <span class='ocrx_word' id='word_1_99' title='bbox 794 1416 889 1460; x_wconf 90' lang='lat' dir='ltr'><strong>unam</strong></span> <span class='ocrx_word' id='word_1_100' title='bbox 913 1395 1111 1479; x_wconf 88' lang='lat' dir='ltr'><strong>eandemque</strong></span> <span class='ocrx_word' id='word_1_101' title='bbox 1134 1399 1297 1480; x_wconf 85' lang='lat' dir='ltr'><strong>cogitatio·</strong></span> 
     </span>
     <span class='ocr_line' id='line_1_12' title="bbox 128 1498 1298 1582; baseline 0.002 -20"><span class='ocrx_word' id='word_1_102' title='bbox 128 1519 201 1563; x_wconf 93' lang='lat' dir='ltr'><strong>uem</strong></span> <span class='ocrx_word' id='word_1_103' title='bbox 223 1505 256 1564; x_wconf 94' lang='lat' dir='ltr'><strong>et</strong></span> <span class='ocrx_word' id='word_1_104' title='bbox 277 1504 499 1582; x_wconf 82' lang='lat' dir='ltr'><strong>argumentum</strong></span> <span class='ocrx_word' id='word_1_105' title='bbox 521 1498 627 1563; x_wconf 90' lang='lat' dir='ltr'><strong>auimo</strong></span> <span class='ocrx_word' id='word_1_106' title='bbox 651 1499 834 1582; x_wconf 89' lang='lat' dir='ltr'><strong>conceperit</strong></span> <span class='ocrx_word' id='word_1_107' title='bbox 857 1499 1114 1581; x_wconf 78' lang='lat' dir='ltr'><strong>carminibusque</strong></span> <span class='ocrx_word' id='word_1_108' title='bbox 1134 1499 1298 1564; x_wconf 83' lang='lat' dir='ltr'><strong>effinxerit.</strong></span> 
     </span>
     <span class='ocr_line' id='line_1_13' title="bbox 127 1599 1298 1685; baseline 0.002 -21"><span class='ocrx_word' id='word_1_109' title='bbox 127 1601 196 1665; x_wconf 93' lang='lat' dir='ltr'><strong>Hoc</strong></span> <span class='ocrx_word' id='word_1_110' title='bbox 219 1601 348 1683; x_wconf 89' lang='lat' dir='ltr'><strong>quidem</strong></span> <span class='ocrx_word' id='word_1_111' title='bbox 372 1622 409 1665; x_wconf 93' lang='lat' dir='ltr'><strong>eo</strong></span> <span class='ocrx_word' id='word_1_112' title='bbox 432 1601 535 1683; x_wconf 82' lang='lat' dir='ltr'><strong>magis</strong></span> <span class='ocrx_word' id='word_1_113' title='bbox 558 1599 792 1665; x_wconf 87' lang='lat' dir='ltr'><strong>observandum</strong></span> <span class='ocrx_word' id='word_1_114' title='bbox 815 1606 847 1665; x_wconf 89' lang='lat' dir='ltr'><strong>et</strong></span> <span class='ocrx_word' id='word_1_115' title='bbox 863 1599 1120 1666; x_wconf 90' lang='lat' dir='ltr'><strong>contendendum</strong></span> <span class='ocrx_word' id='word_1_116' title='bbox 1136 1607 1196 1683; x_wconf 90' lang='lat' dir='ltr'><strong>est,</strong></span> <span class='ocrx_word' id='word_1_117' title='bbox 1220 1601 1298 1685; x_wconf 93' lang='lat' dir='ltr'><strong>quod</strong></span> 
     </span>
     <span class='ocr_line' id='line_1_14' title="bbox 128 1702 1297 1787; baseline 0 -20"><span class='ocrx_word' id='word_1_118' title='bbox 128 1724 199 1767; x_wconf 89' lang='lat' dir='ltr'><strong>eam</strong></span> <span class='ocrx_word' id='word_1_119' title='bbox 222 1702 366 1768; x_wconf 85' lang='lat' dir='ltr'><strong>fabulam</strong></span> <span class='ocrx_word' id='word_1_120' title='bbox 387 1724 445 1787; x_wconf 91' lang='lat' dir='ltr'><strong>per</strong></span> <span class='ocrx_word' id='word_1_121' title='bbox 467 1703 597 1768; x_wconf 90' lang='lat' dir='ltr'><strong>saecula</strong></span> <span class='ocrx_word' id='word_1_122' title='bbox 619 1709 652 1767; x_wconf 90' lang='lat' dir='ltr'><strong>et</strong></span> <span class='ocrx_word' id='word_1_123' title='bbox 679 1723 699 1768; x_wconf 91' lang='lat' dir='ltr'><strong>a</strong></span> <span class='ocrx_word' id='word_1_124' title='bbox 728 1703 946 1786; x_wconf 79' lang='lat' dir='ltr'><strong>grammaticis</strong></span> <span class='ocrx_word' id='word_1_125' title='bbox 977 1707 1010 1767; x_wconf 91' lang='lat' dir='ltr'><strong>et</strong></span> <span class='ocrx_word' id='word_1_126' title='bbox 1039 1724 1059 1767; x_wconf 92' lang='lat' dir='ltr'><strong>a</strong></span> <span class='ocrx_word' id='word_1_127' title='bbox 1088 1704 1195 1787; x_wconf 76' lang='lat' dir='ltr'><strong>potitis</strong></span> <span class='ocrx_word' id='word_1_128' title='bbox 1226 1705 1297 1769; x_wconf 89' lang='lat' dir='ltr'><strong>satis</strong></span> 
     </span>
     <span class='ocr_line' id='line_1_15' title="bbox 128 1804 1297 1890; baseline 0 -19"><span class='ocrx_word' id='word_1_129' title='bbox 128 1806 285 1871; x_wconf 84' lang='lat' dir='ltr'><strong>variatam</strong></span> <span class='ocrx_word' id='word_1_130' title='bbox 308 1811 406 1888; x_wconf 93' lang='lat' dir='ltr'><strong>atque</strong></span> <span class='ocrx_word' id='word_1_131' title='bbox 436 1810 623 1870; x_wconf 85' lang='lat' dir='ltr'><strong>exornatam</strong></span> <span class='ocrx_word' id='word_1_132' title='bbox 653 1805 705 1869; x_wconf 91' lang='lat' dir='ltr'><strong>vel</strong></span> <span class='ocrx_word' id='word_1_133' title='bbox 735 1804 947 1870; x_wconf 89' lang='lat' dir='ltr'><strong>deformatam</strong></span> <span class='ocrx_word' id='word_1_134' title='bbox 978 1825 1049 1870; x_wconf 92' lang='lat' dir='ltr'><strong>esse</strong></span> <span class='ocrx_word' id='word_1_135' title='bbox 1078 1826 1119 1870; x_wconf 82' lang='lat' dir='ltr'><strong>ex</strong></span> <span class='ocrx_word' id='word_1_136' title='bbox 1150 1807 1191 1871; x_wconf 89' lang='lat' dir='ltr'><strong>iis</strong></span> <span class='ocrx_word' id='word_1_137' title='bbox 1222 1827 1297 1890; x_wconf 90' lang='lat' dir='ltr'><strong>quae</strong></span> 
     </span>
     <span class='ocr_line' id='line_1_16' title="bbox 128 1906 1298 1992; baseline 0.001 -20"><span class='ocrx_word' id='word_1_138' title='bbox 128 1907 170 1972; x_wconf 88' lang='lat' dir='ltr'><strong>ad</strong></span> <span class='ocrx_word' id='word_1_139' title='bbox 204 1928 260 1973; x_wconf 92' lang='lat' dir='ltr'><strong>nos</strong></span> <span class='ocrx_word' id='word_1_140' title='bbox 292 1913 505 1991; x_wconf 87' lang='lat' dir='ltr'><strong>pervenerunt</strong></span> <span class='ocrx_word' id='word_1_141' title='bbox 538 1907 729 1973; x_wconf 88' lang='lat' dir='ltr'><strong>testimoniis</strong></span> <span class='ocrx_word' id='word_1_142' title='bbox 739 1906 761 1992; x_wconf 87' lang='lat'><strong>¹)</strong></span> <span class='ocrx_word' id='word_1_143' title='bbox 795 1907 920 1971; x_wconf 87' lang='lat' dir='ltr'><strong>affatim</strong></span> <span class='ocrx_word' id='word_1_144' title='bbox 950 1913 1094 1992; x_wconf 89' lang='lat' dir='ltr'><strong>apparet.</strong></span> <span class='ocrx_word' id='word_1_145' title='bbox 1140 1909 1298 1992; x_wconf 78' lang='lat' dir='ltr'><strong>Quotquot</strong></span> 
     </span>
     <span class='ocr_line' id='line_1_17' title="bbox 127 2009 1297 2095; baseline -0.001 -20"><span class='ocrx_word' id='word_1_146' title='bbox 127 2010 188 2075; x_wconf 90' lang='lat' dir='ltr'><strong>viri</strong></span> <span class='ocrx_word' id='word_1_147' title='bbox 211 2009 298 2074; x_wconf 90' lang='lat' dir='ltr'><strong>docti</strong></span> <span class='ocrx_word' id='word_1_148' title='bbox 321 2030 449 2093; x_wconf 92' lang='lat' dir='ltr'><strong>operam</strong></span> <span class='ocrx_word' id='word_1_149' title='bbox 473 2009 639 2091; x_wconf 84' lang='lat' dir='ltr'><strong>dederunt,</strong></span> <span class='ocrx_word' id='word_1_150' title='bbox 665 2014 702 2074; x_wconf 90' lang='lat' dir='ltr'><strong>ut</strong></span> <span class='ocrx_word' id='word_1_151' title='bbox 728 2010 871 2075; x_wconf 88' lang='lat' dir='ltr'><strong>fabulam</strong></span> <span class='ocrx_word' id='word_1_152' title='bbox 895 2010 1121 2093; x_wconf 90' lang='lat' dir='ltr'><strong>Daphnideam</strong></span> <span class='ocrx_word' id='word_1_153' title='bbox 1150 2012 1297 2095; x_wconf 91' lang='lat' dir='ltr'><strong>tempori·</strong></span> 
     </span>
     <span class='ocr_line' id='line_1_18' title="bbox 127 2112 1296 2197; baseline 0.002 -22"><span class='ocrx_word' id='word_1_154' title='bbox 127 2112 186 2177; x_wconf 91' lang='lat' dir='ltr'><strong>bus</strong></span> <span class='ocrx_word' id='word_1_155' title='bbox 209 2117 241 2177; x_wconf 91' lang='lat' dir='ltr'><strong>et</strong></span> <span class='ocrx_word' id='word_1_156' title='bbox 264 2112 423 2177; x_wconf 87' lang='lat' dir='ltr'><strong>oblivione</strong></span> <span class='ocrx_word' id='word_1_157' title='bbox 446 2113 648 2177; x_wconf 86' lang='lat' dir='ltr'><strong>obscuratam</strong></span> <span class='ocrx_word' id='word_1_158' title='bbox 680 2112 759 2177; x_wconf 91' lang='lat' dir='ltr'><strong>satis</strong></span> <span class='ocrx_word' id='word_1_159' title='bbox 782 2134 822 2176; x_wconf 82' lang='lat' dir='ltr'><strong>ex</strong></span> <span class='ocrx_word' id='word_1_160' title='bbox 852 2112 993 2177; x_wconf 90' lang='lat' dir='ltr'><strong>tenebris</strong></span> <span class='ocrx_word' id='word_1_161' title='bbox 1024 2119 1181 2195; x_wconf 84' lang='lat' dir='ltr'><strong>eruerent,</strong></span> <span class='ocrx_word' id='word_1_162' title='bbox 1211 2112 1296 2197; x_wconf 93' lang='lat' dir='ltr'><strong>quid·</strong></span> 
     </span>
     <span class='ocr_line' id='line_1_19' title="bbox 128 2212 1296 2298; baseline 0 -20"><span class='ocrx_word' id='word_1_163' title='bbox 128 2212 206 2295; x_wconf 92' lang='lat' dir='ltr'><strong>quid</strong></span> <span class='ocrx_word' id='word_1_164' title='bbox 233 2213 406 2279; x_wconf 87' lang='lat' dir='ltr'><strong>divinando</strong></span> <span class='ocrx_word' id='word_1_165' title='bbox 437 2214 713 2297; x_wconf 82' lang='lat' dir='ltr'><strong>excogitaverunt,</strong></span> <span class='ocrx_word' id='word_1_166' title='bbox 747 2234 798 2279; x_wconf 93' lang='lat' dir='ltr'><strong>res</strong></span> <span class='ocrx_word' id='word_1_167' title='bbox 828 2212 934 2280; x_wconf 90' lang='lat' dir='ltr'><strong>adhuc</strong></span> <span class='ocrx_word' id='word_1_168' title='bbox 964 2216 1066 2280; x_wconf 95' lang='lat' dir='ltr'><strong>lucem</strong></span> <span class='ocrx_word' id='word_1_169' title='bbox 1098 2213 1296 2298; x_wconf 67' lang='lat' dir='ltr'><strong>desideras).</strong></span> 
     </span>
     <span class='ocr_line' id='line_1_20' title="bbox 127 2315 1297 2400; baseline 0.001 -19"><span class='ocrx_word' id='word_1_170' title='bbox 127 2316 193 2381; x_wconf 83' lang='lat' dir='ltr'><strong>Sed</strong></span> <span class='ocrx_word' id='word_1_171' title='bbox 216 2315 259 2380; x_wconf 88' lang='lat' dir='ltr'><strong>ad</strong></span> <span class='ocrx_word' id='word_1_172' title='bbox 281 2322 422 2381; x_wconf 88' lang='lat' dir='ltr'><strong>nostrum</strong></span> <span class='ocrx_word' id='word_1_173' title='bbox 445 2317 642 2400; x_wconf 91' lang='lat' dir='ltr'><strong>propositum</strong></span> <span class='ocrx_word' id='word_1_174' title='bbox 664 2317 798 2381; x_wconf 88' lang='lat' dir='ltr'><strong>interest</strong></span> <span class='ocrx_word' id='word_1_175' title='bbox 824 2337 886 2381; x_wconf 92' lang='lat' dir='ltr'><strong>non</strong></span> <span class='ocrx_word' id='word_1_176' title='bbox 912 2327 978 2381; x_wconf 89' lang='lat' dir='ltr'><strong>tam</strong></span> <span class='ocrx_word' id='word_1_177' title='bbox 1006 2337 1176 2400; x_wconf 89' lang='lat' dir='ltr'><strong>quaerere,</strong></span> <span class='ocrx_word' id='word_1_178' title='bbox 1204 2316 1297 2400; x_wconf 93' lang='lat' dir='ltr'><strong>quod·</strong></span> 
     </span>
     <span class='ocr_line' id='line_1_21' title="bbox 128 2417 1296 2503; baseline 0 -21"><span class='ocrx_word' id='word_1_179' title='bbox 128 2440 201 2483; x_wconf 87' lang='lat' dir='ltr'><strong>nam</strong></span> <span class='ocrx_word' id='word_1_180' title='bbox 223 2419 321 2484; x_wconf 82' lang='lat' dir='ltr'><strong>fucrit</strong></span> <span class='ocrx_word' id='word_1_181' title='bbox 343 2420 468 2484; x_wconf 91' lang='lat' dir='ltr'><strong>omuino</strong></span> <span class='ocrx_word' id='word_1_182' title='bbox 499 2419 567 2483; x_wconf 90' lang='lat' dir='ltr'><strong>eius</strong></span> <span class='ocrx_word' id='word_1_183' title='bbox 590 2417 720 2483; x_wconf 84' lang='lat' dir='ltr'><strong>fabulae</strong></span> <span class='ocrx_word' id='word_1_184' title='bbox 750 2418 1017 2503; x_wconf 65' lang='lat' dir='ltr'><strong>argumentum),</strong></span> <span class='ocrx_word' id='word_1_185' title='bbox 1047 2438 1145 2501; x_wconf 86' lang='lat' dir='ltr'><strong>quam</strong></span> <span class='ocrx_word' id='word_1_186' title='bbox 1177 2421 1205 2485; x_wconf 91' lang='lat' dir='ltr'><strong>si</strong></span> <span class='ocrx_word' id='word_1_187' title='bbox 1235 2420 1296 2484; x_wconf 87' lang='lat' dir='ltr'><strong>lieri</strong></span> 
     </span>
     <span class='ocr_line' id='line_1_22' title="bbox 127 2521 1295 2604; baseline -0.001 -18"><span class='ocrx_word' id='word_1_188' title='bbox 127 2527 234 2604; x_wconf 89' lang='lat' dir='ltr'><strong>potest</strong></span> <span class='ocrx_word' id='word_1_189' title='bbox 267 2526 421 2602; x_wconf 87' lang='lat' dir='ltr'><strong>statuere,</strong></span> <span class='ocrx_word' id='word_1_190' title='bbox 455 2541 517 2604; x_wconf 92' lang='lat' dir='ltr'><strong>quo</strong></span> <span class='ocrx_word' id='word_1_191' title='bbox 549 2521 643 2587; x_wconf 90' lang='lat' dir='ltr'><strong>modo</strong></span> <span class='ocrx_word' id='word_1_192' title='bbox 677 2521 729 2586; x_wconf 90' lang='lat' dir='ltr'><strong>vel</strong></span> <span class='ocrx_word' id='word_1_193' title='bbox 762 2542 826 2604; x_wconf 92' lang='lat' dir='ltr'><strong>qua</strong></span> <span class='ocrx_word' id='word_1_194' title='bbox 859 2521 961 2586; x_wconf 88' lang='lat' dir='ltr'><strong>forma</strong></span> <span class='ocrx_word' id='word_1_195' title='bbox 990 2522 1183 2587; x_wconf 86' lang='lat' dir='ltr'><strong>Theocritus</strong></span> <span class='ocrx_word' id='word_1_196' title='bbox 1215 2523 1295 2586; x_wconf 92' lang='lat' dir='ltr'><strong>illam</strong></span> 
     </span>
    </p>
   </div>
   <div class='ocr_carea' id='block_1_5' title="bbox 125 2695 1299 4393">
    <p class='ocr_par' dir='ltr' id='par_1_5' title="bbox 126 2695 1296 3032">
     <span class='ocr_line' id='line_1_23' title="bbox 213 2695 1295 2776; baseline -0.001 -13"><span class='ocrx_word' id='word_1_197' title='bbox 213 2709 233 2776; x_wconf 90' lang='lat'><strong>¹)</strong></span> <span class='ocrx_word' id='word_1_198' title='bbox 252 2705 292 2763; x_wconf 82' lang='lat' dir='ltr'><strong>ef.</strong></span> <span class='ocrx_word' id='word_1_199' title='bbox 311 2706 407 2761; x_wconf 90' lang='lat' dir='ltr'><strong>soholl.</strong></span> <span class='ocrx_word' id='word_1_200' title='bbox 425 2695 460 2761; x_wconf 89' lang='lat' dir='ltr'><strong>ad</strong></span> <span class='ocrx_word' id='word_1_201' title='bbox 477 2707 514 2760; x_wconf 94' lang='lat' dir='ltr'><strong>id.</strong></span> <span class='ocrx_word' id='word_1_202' title='bbox 528 2706 603 2775; x_wconf 89' lang='lat' dir='ltr'>VIII,</span> <span class='ocrx_word' id='word_1_203' title='bbox 617 2711 657 2760; x_wconf 80' lang='lat'><strong>92.</strong></span> <span class='ocrx_word' id='word_1_204' title='bbox 671 2710 712 2759; x_wconf 85' lang='lat'><strong>93.</strong></span> <span class='ocrx_word' id='word_1_205' title='bbox 730 2738 763 2745; x_wconf 95' lang='lat'>—</span> <span class='ocrx_word' id='word_1_206' title='bbox 781 2707 908 2761; x_wconf 86' lang='lat' dir='ltr'><strong>Parthen.</strong></span> <span class='ocrx_word' id='word_1_207' title='bbox 927 2707 1051 2776; x_wconf 85' lang='lat' dir='ltr'><strong>(Timaeo</strong></span> <span class='ocrx_word' id='word_1_208' title='bbox 1069 2707 1163 2762; x_wconf 87' lang='lat' dir='ltr'><strong>Siculo</strong></span> <span class='ocrx_word' id='word_1_209' title='bbox 1181 2708 1295 2774; x_wconf 85' lang='lat' dir='ltr'><strong>auctore)</strong></span> 
     </span>
     <span class='ocr_line' id='line_1_24' title="bbox 127 2790 1295 2861; baseline -0.001 -15"><span class='ocrx_word' id='word_1_210' title='bbox 127 2797 168 2846; x_wconf 83' lang='lat'><strong>29.</strong></span> <span class='ocrx_word' id='word_1_211' title='bbox 186 2823 219 2832; x_wconf 82' lang='grc'>-</span> <span class='ocrx_word' id='word_1_212' title='bbox 237 2790 342 2847; x_wconf 87' lang='lat' dir='ltr'><strong>Aelian.</strong></span> <span class='ocrx_word' id='word_1_213' title='bbox 360 2808 417 2847; x_wconf 85' lang='lat' dir='ltr'><strong>var.</strong></span> <span class='ocrx_word' id='word_1_214' title='bbox 429 2793 491 2846; x_wconf 90' lang='lat' dir='ltr'><strong>hist.</strong></span> <span class='ocrx_word' id='word_1_215' title='bbox 508 2792 541 2861; x_wconf 91' lang='grc' dir='ltr'><strong>Χ,</strong></span> <span class='ocrx_word' id='word_1_216' title='bbox 557 2796 595 2846; x_wconf 86' lang='lat'><strong>18.</strong></span> <span class='ocrx_word' id='word_1_217' title='bbox 614 2822 648 2829; x_wconf 93' lang='lat'>—</span> <span class='ocrx_word' id='word_1_218' title='bbox 665 2792 778 2846; x_wconf 89' lang='lat' dir='ltr'><strong>Diodor.</strong></span> <span class='ocrx_word' id='word_1_219' title='bbox 792 2792 843 2846; x_wconf 85' lang='lat' dir='ltr'><strong>Sic.</strong></span> <span class='ocrx_word' id='word_1_220' title='bbox 857 2792 905 2861; x_wconf 86' lang='lat' dir='ltr'><strong>IV,</strong></span> <span class='ocrx_word' id='word_1_221' title='bbox 918 2797 959 2846; x_wconf 76' lang='lat'><strong>84.</strong></span> <span class='ocrx_word' id='word_1_222' title='bbox 978 2823 1009 2830; x_wconf 82' lang='lat'>-</span> <span class='ocrx_word' id='word_1_223' title='bbox 1029 2792 1154 2846; x_wconf 88' lang='lat' dir='ltr'><strong>Servium</strong></span> <span class='ocrx_word' id='word_1_224' title='bbox 1171 2794 1209 2848; x_wconf 89' lang='lat' dir='ltr'><strong>ad</strong></span> <span class='ocrx_word' id='word_1_225' title='bbox 1220 2794 1295 2860; x_wconf 82' lang='lat' dir='ltr'><strong>Verg.</strong></span> 
     </span>
     <span class='ocr_line' id='line_1_25' title="bbox 127 2876 1296 2947; baseline -0.003 -15"><span class='ocrx_word' id='word_1_226' title='bbox 127 2878 188 2932; x_wconf 88' lang='lat' dir='ltr'><strong>bue.</strong></span> <span class='ocrx_word' id='word_1_227' title='bbox 201 2879 235 2945; x_wconf 83' lang='lat' dir='ltr'><strong>V,</strong></span> <span class='ocrx_word' id='word_1_228' title='bbox 249 2883 280 2932; x_wconf 79' lang='lat'><strong>20</strong></span> <span class='ocrx_word' id='word_1_229' title='bbox 300 2882 328 2932; x_wconf 90' lang='lat' dir='ltr'><strong>et</strong></span> <span class='ocrx_word' id='word_1_230' title='bbox 346 2878 422 2947; x_wconf 87' lang='lat' dir='ltr'>VIII,</span> <span class='ocrx_word' id='word_1_231' title='bbox 435 2882 475 2931; x_wconf 83' lang='lat'><strong>68.</strong></span> <span class='ocrx_word' id='word_1_232' title='bbox 494 2909 528 2916; x_wconf 90' lang='lat'>—</span> <span class='ocrx_word' id='word_1_233' title='bbox 545 2876 697 2946; x_wconf 83' lang='lat' dir='ltr'><strong>Philargyr.</strong></span> <span class='ocrx_word' id='word_1_234' title='bbox 715 2877 750 2931; x_wconf 88' lang='lat' dir='ltr'><strong>ad</strong></span> <span class='ocrx_word' id='word_1_235' title='bbox 768 2877 851 2946; x_wconf 83' lang='lat' dir='ltr'><strong>Verg.</strong></span> <span class='ocrx_word' id='word_1_236' title='bbox 865 2878 925 2932; x_wconf 91' lang='lat' dir='ltr'><strong>buc.</strong></span> <span class='ocrx_word' id='word_1_237' title='bbox 941 2877 971 2944; x_wconf 90' lang='lat' dir='ltr'><strong>V,</strong></span> <span class='ocrx_word' id='word_1_238' title='bbox 986 2882 1025 2932; x_wconf 81' lang='lat'><strong>20.</strong></span> <span class='ocrx_word' id='word_1_239' title='bbox 1044 2908 1078 2916; x_wconf 90' lang='lat'><strong>-—</strong></span> <span class='ocrx_word' id='word_1_240' title='bbox 1096 2876 1177 2932; x_wconf 88' lang='lat' dir='ltr'><strong>Ovid.</strong></span> <span class='ocrx_word' id='word_1_241' title='bbox 1191 2884 1240 2932; x_wconf 89' lang='lat' dir='ltr'><strong>art.</strong></span> <span class='ocrx_word' id='word_1_242' title='bbox 1252 2894 1296 2932; x_wconf 90' lang='lat' dir='ltr'><strong>am.</strong></span> 
     </span>
     <span class='ocr_line' id='line_1_26' title="bbox 126 2963 529 3032; baseline 0.002 -16"><span class='ocrx_word' id='word_1_243' title='bbox 126 2963 148 3031; x_wconf 94' lang='lat' dir='ltr'><strong>I,</strong></span> <span class='ocrx_word' id='word_1_244' title='bbox 161 2967 218 3018; x_wconf 81' lang='lat'><strong>732.</strong></span> <span class='ocrx_word' id='word_1_245' title='bbox 237 2964 344 3018; x_wconf 86' lang='lat' dir='ltr'><strong>Metam.</strong></span> <span class='ocrx_word' id='word_1_246' title='bbox 357 2963 405 3032; x_wconf 85' lang='lat' dir='ltr'><strong>IV,</strong></span> <span class='ocrx_word' id='word_1_247' title='bbox 419 2967 477 3017; x_wconf 78' lang='lat'><strong>277.</strong></span> <span class='ocrx_word' id='word_1_248' title='bbox 496 2994 529 3001; x_wconf 97' lang='lat'>—</span> 
     </span>
    </p>

    <p class='ocr_par' dir='ltr' id='par_1_6' title="bbox 125 3046 1298 3457">
     <span class='ocr_line' id='line_1_27' title="bbox 211 3046 1296 3118; baseline -0.005 -14"><span class='ocrx_word' id='word_1_249' title='bbox 211 3049 233 3118; x_wconf 75' lang='lat'><strong>²)</strong></span> <span class='ocrx_word' id='word_1_250' title='bbox 258 3048 298 3104; x_wconf 82' lang='lat' dir='ltr'><strong>Of.</strong></span> <span class='ocrx_word' id='word_1_251' title='bbox 323 3048 352 3103; x_wconf 82' lang='lat' dir='ltr'><strong>O.</strong></span> <span class='ocrx_word' id='word_1_252' title='bbox 370 3048 413 3102; x_wconf 88' lang='lat' dir='ltr'><strong>Fr.</strong></span> <span class='ocrx_word' id='word_1_253' title='bbox 432 3048 586 3115; x_wconf 68' lang='lat' dir='ltr'><strong>Hermann„</strong></span> <span class='ocrx_word' id='word_1_254' title='bbox 611 3046 647 3101; x_wconf 93' lang='lat' dir='ltr'><strong>de</strong></span> <span class='ocrx_word' id='word_1_255' title='bbox 670 3047 816 3115; x_wconf 87' lang='lat' dir='ltr'><strong>Daphnide</strong></span> <span class='ocrx_word' id='word_1_256' title='bbox 840 3047 899 3113; x_wconf 79' lang='lat' dir='ltr'><strong>Tu,</strong></span> <span class='ocrx_word' id='word_1_257' title='bbox 925 3047 1000 3102; x_wconf 84' lang='lat' dir='ltr'><strong>Gott.</strong></span> <span class='ocrx_word' id='word_1_258' title='bbox 1020 3051 1094 3101; x_wconf 77' lang='lat'><strong>1853.</strong></span> <span class='ocrx_word' id='word_1_259' title='bbox 1120 3079 1153 3087; x_wconf 98' lang='lat'>—</span> <span class='ocrx_word' id='word_1_260' title='bbox 1178 3046 1296 3116; x_wconf 88' lang='lat' dir='ltr'><strong>Hempel.</strong></span> 
     </span>
     <span class='ocr_line' id='line_1_28' title="bbox 126 3131 1297 3203; baseline -0.002 -15"><span class='ocrx_word' id='word_1_261' title='bbox 126 3139 229 3203; x_wconf 86' lang='lat' dir='ltr'><strong>quaest.</strong></span> <span class='ocrx_word' id='word_1_262' title='bbox 247 3134 364 3188; x_wconf 85' lang='lat' dir='ltr'><strong>Theocr.</strong></span> <span class='ocrx_word' id='word_1_263' title='bbox 384 3133 447 3187; x_wconf 87' lang='lat' dir='ltr'><strong>diss.</strong></span> <span class='ocrx_word' id='word_1_264' title='bbox 466 3133 520 3187; x_wconf 89' lang='lat' dir='ltr'><strong>Kil.</strong></span> <span class='ocrx_word' id='word_1_265' title='bbox 536 3137 597 3187; x_wconf 84' lang='grc'>1881</span> <span class='ocrx_word' id='word_1_266' title='bbox 617 3149 644 3200; x_wconf 91' lang='lat' dir='ltr'><strong>p.</strong></span> <span class='ocrx_word' id='word_1_267' title='bbox 658 3138 690 3186; x_wconf 83' lang='lat'><strong>62</strong></span> <span class='ocrx_word' id='word_1_268' title='bbox 704 3149 764 3202; x_wconf 92' lang='lat' dir='ltr'><strong>sqq.</strong></span> <span class='ocrx_word' id='word_1_269' title='bbox 783 3163 816 3170; x_wconf 92' lang='lat'>-</span> <span class='ocrx_word' id='word_1_270' title='bbox 834 3133 956 3187; x_wconf 87' lang='lat' dir='ltr'><strong>Briuker.</strong></span> <span class='ocrx_word' id='word_1_271' title='bbox 975 3132 991 3186; x_wconf 96' lang='lat' dir='ltr'><strong>l.</strong></span> <span class='ocrx_word' id='word_1_272' title='bbox 1004 3131 1021 3186; x_wconf 87' lang='lat'><strong>1.</strong></span> <span class='ocrx_word' id='word_1_273' title='bbox 1039 3150 1066 3201; x_wconf 90' lang='lat' dir='ltr'><strong>p.</strong></span> <span class='ocrx_word' id='word_1_274' title='bbox 1081 3137 1122 3202; x_wconf 84' lang='lat'><strong>30,</strong></span> <span class='ocrx_word' id='word_1_275' title='bbox 1140 3134 1217 3202; x_wconf 89' lang='lat' dir='ltr'><strong>apud</strong></span> <span class='ocrx_word' id='word_1_276' title='bbox 1235 3148 1297 3202; x_wconf 92' lang='lat' dir='ltr'><strong>quos</strong></span> 
     </span>
     <span class='ocr_line' id='line_1_29' title="bbox 125 3217 1298 3289; baseline -0.001 -17"><span class='ocrx_word' id='word_1_277' title='bbox 125 3218 244 3289; x_wconf 86' lang='lat' dir='ltr'><strong>reliquas</strong></span> <span class='ocrx_word' id='word_1_278' title='bbox 267 3219 509 3274; x_wconf 86' lang='lat' dir='ltr'><strong>commentationes</strong></span> <span class='ocrx_word' id='word_1_279' title='bbox 532 3218 567 3272; x_wconf 91' lang='lat' dir='ltr'><strong>de</strong></span> <span class='ocrx_word' id='word_1_280' title='bbox 585 3217 681 3272; x_wconf 87' lang='lat' dir='ltr'><strong>eadem</strong></span> <span class='ocrx_word' id='word_1_281' title='bbox 705 3234 734 3272; x_wconf 88' lang='lat' dir='ltr'><strong>re</strong></span> <span class='ocrx_word' id='word_1_282' title='bbox 752 3218 876 3272; x_wconf 85' lang='lat' dir='ltr'><strong>laudatas</strong></span> <span class='ocrx_word' id='word_1_283' title='bbox 893 3218 1023 3273; x_wconf 86' lang='lat' dir='ltr'><strong>invenias.</strong></span> <span class='ocrx_word' id='word_1_284' title='bbox 1041 3248 1076 3257; x_wconf 97' lang='lat'>—</span> <span class='ocrx_word' id='word_1_285' title='bbox 1093 3219 1251 3274; x_wconf 87' lang='lat' dir='ltr'><strong>Novissime</strong></span> <span class='ocrx_word' id='word_1_286' title='bbox 1267 3218 1298 3272; x_wconf 90' lang='lat' dir='ltr'><strong>de</strong></span> 
     </span>
     <span class='ocr_line' id='line_1_30' title="bbox 126 3302 1298 3373; baseline 0 -16"><span class='ocrx_word' id='word_1_287' title='bbox 126 3304 177 3359; x_wconf 89' lang='lat' dir='ltr'><strong>hac</strong></span> <span class='ocrx_word' id='word_1_288' title='bbox 200 3320 230 3358; x_wconf 90' lang='lat' dir='ltr'><strong>re</strong></span> <span class='ocrx_word' id='word_1_289' title='bbox 253 3303 446 3359; x_wconf 86' lang='lat' dir='ltr'><strong>Reitzenstein.</strong></span> <span class='ocrx_word' id='word_1_290' title='bbox 471 3303 488 3356; x_wconf 94' lang='lat' dir='ltr'><strong>l.</strong></span> <span class='ocrx_word' id='word_1_291' title='bbox 506 3302 524 3356; x_wconf 93' lang='lat' dir='ltr'><strong>l.</strong></span> <span class='ocrx_word' id='word_1_292' title='bbox 542 3319 568 3371; x_wconf 90' lang='lat' dir='ltr'><strong>p.</strong></span> <span class='ocrx_word' id='word_1_293' title='bbox 591 3308 637 3357; x_wconf 79' lang='lat'><strong>193</strong></span> <span class='ocrx_word' id='word_1_294' title='bbox 650 3319 710 3373; x_wconf 91' lang='lat' dir='ltr'><strong>sqq.</strong></span> <span class='ocrx_word' id='word_1_295' title='bbox 736 3308 764 3357; x_wconf 89' lang='lat' dir='ltr'><strong>et</strong></span> <span class='ocrx_word' id='word_1_296' title='bbox 786 3320 813 3372; x_wconf 91' lang='lat' dir='ltr'><strong>p.</strong></span> <span class='ocrx_word' id='word_1_297' title='bbox 832 3308 881 3357; x_wconf 81' lang='lat'><strong>243</strong></span> <span class='ocrx_word' id='word_1_298' title='bbox 894 3319 954 3372; x_wconf 93' lang='lat' dir='ltr'><strong>sqq.</strong></span> <span class='ocrx_word' id='word_1_299' title='bbox 980 3303 1108 3358; x_wconf 89' lang='lat' dir='ltr'><strong>disseruit</strong></span> <span class='ocrx_word' id='word_1_300' title='bbox 1132 3303 1298 3373; x_wconf 89' lang='lat' dir='ltr'><strong>obscuraque</strong></span> 
     </span>
     <span class='ocr_line' id='line_1_31' title="bbox 126 3388 545 3457; baseline -0.002 -14"><span class='ocrx_word' id='word_1_301' title='bbox 126 3389 255 3443; x_wconf 88' lang='lat' dir='ltr'><strong>nonnulla</strong></span> <span class='ocrx_word' id='word_1_302' title='bbox 271 3390 298 3442; x_wconf 93' lang='lat' dir='ltr'><strong>in</strong></span> <span class='ocrx_word' id='word_1_303' title='bbox 316 3389 407 3443; x_wconf 91' lang='lat' dir='ltr'><strong>lucem</strong></span> <span class='ocrx_word' id='word_1_304' title='bbox 424 3388 545 3457; x_wconf 90' lang='lat' dir='ltr'><strong>protulit.</strong></span> 
     </span>
    </p>

    <p class='ocr_par' dir='ltr' id='par_1_7' title="bbox 126 3472 1299 4393">
     <span class='ocr_line' id='line_1_32' title="bbox 213 3472 1298 3543; baseline -0.001 -14"><span class='ocrx_word' id='word_1_305' title='bbox 213 3476 235 3543; x_wconf 78' lang='lat'><strong>³)</strong></span> <span class='ocrx_word' id='word_1_306' title='bbox 253 3474 380 3529; x_wconf 81' lang='lat' dir='ltr'><strong>Ceterum</strong></span> <span class='ocrx_word' id='word_1_307' title='bbox 399 3475 458 3528; x_wconf 89' lang='lat' dir='ltr'><strong>eius</strong></span> <span class='ocrx_word' id='word_1_308' title='bbox 476 3472 589 3527; x_wconf 83' lang='lat' dir='ltr'><strong>formam</strong></span> <span class='ocrx_word' id='word_1_309' title='bbox 613 3473 776 3527; x_wconf 87' lang='lat' dir='ltr'><strong>testimoniis</strong></span> <span class='ocrx_word' id='word_1_310' title='bbox 795 3478 918 3527; x_wconf 88' lang='lat' dir='ltr'><strong>veterum</strong></span> <span class='ocrx_word' id='word_1_311' title='bbox 936 3473 1076 3542; x_wconf 82' lang='lat' dir='ltr'><strong>vulgatam</strong></span> <span class='ocrx_word' id='word_1_312' title='bbox 1093 3473 1124 3528; x_wconf 88' lang='lat' dir='ltr'><strong>P.</strong></span> <span class='ocrx_word' id='word_1_313' title='bbox 1143 3474 1298 3542; x_wconf 86' lang='lat' dir='ltr'><strong>Deeharme,</strong></span> 
     </span>
     <span class='ocr_line' id='line_1_33' title="bbox 127 3557 1298 3629; baseline -0.002 -16"><span class='ocrx_word' id='word_1_314' title='bbox 127 3559 168 3613; x_wconf 87' lang='lat' dir='ltr'><strong>vir</strong></span> <span class='ocrx_word' id='word_1_315' title='bbox 186 3559 361 3614; x_wconf 87' lang='lat' dir='ltr'><strong>doctissimus</strong></span> <span class='ocrx_word' id='word_1_316' title='bbox 384 3565 467 3628; x_wconf 86' lang='lat' dir='ltr'><strong>atque</strong></span> <span class='ocrx_word' id='word_1_317' title='bbox 492 3557 733 3627; x_wconf 86' lang='lat' dir='ltr'><strong>praeclarissimus,</strong></span> <span class='ocrx_word' id='word_1_318' title='bbox 758 3558 942 3629; x_wconf 83' lang='lat' dir='ltr'><strong>(Mythologic</strong></span> <span class='ocrx_word' id='word_1_319' title='bbox 968 3558 1002 3612; x_wconf 91' lang='lat' dir='ltr'><strong>de</strong></span> <span class='ocrx_word' id='word_1_320' title='bbox 1030 3558 1056 3612; x_wconf 92' lang='lat' dir='ltr'><strong>la</strong></span> <span class='ocrx_word' id='word_1_321' title='bbox 1074 3558 1163 3614; x_wconf 72' lang='lat' dir='ltr'><strong>Gracc</strong></span> <span class='ocrx_word' id='word_1_322' title='bbox 1183 3560 1298 3629; x_wconf 85' lang='lat' dir='ltr'><strong>antique.</strong></span> 
     </span>
     <span class='ocr_line' id='line_1_34' title="bbox 126 3643 1299 3714; baseline 0.001 -18"><span class='ocrx_word' id='word_1_323' title='bbox 126 3643 203 3699; x_wconf 87' lang='lat' dir='ltr'><strong>Paris</strong></span> <span class='ocrx_word' id='word_1_324' title='bbox 223 3647 299 3714; x_wconf 81' lang='lat'>1879)</span> <span class='ocrx_word' id='word_1_325' title='bbox 318 3645 437 3699; x_wconf 86' lang='lat' dir='ltr'><strong>breviter</strong></span> <span class='ocrx_word' id='word_1_326' title='bbox 456 3651 484 3699; x_wconf 85' lang='lat' dir='ltr'><strong>et</strong></span> <span class='ocrx_word' id='word_1_327' title='bbox 502 3643 704 3713; x_wconf 86' lang='lat' dir='ltr'><strong>elegantissime</strong></span> <span class='ocrx_word' id='word_1_328' title='bbox 722 3644 762 3698; x_wconf 91' lang='lat' dir='ltr'><strong>sie</strong></span> <span class='ocrx_word' id='word_1_329' title='bbox 779 3643 958 3712; x_wconf 88' lang='lat' dir='ltr'><strong>adumbravit,</strong></span> <span class='ocrx_word' id='word_1_330' title='bbox 982 3661 1009 3712; x_wconf 92' lang='lat' dir='ltr'><strong>p.</strong></span> <span class='ocrx_word' id='word_1_331' title='bbox 1022 3648 1085 3700; x_wconf 81' lang='lat'><strong>460:</strong></span> <span class='ocrx_word' id='word_1_332' title='bbox 1109 3660 1136 3699; x_wconf 63' lang='grc' dir='ltr'><strong>α.</strong></span> <span class='ocrx_word' id='word_1_333' title='bbox 1150 3686 1157 3698; x_wconf 90' lang='grc'><strong>.</strong></span> <span class='ocrx_word' id='word_1_334' title='bbox 1173 3687 1181 3698; x_wconf 91' lang='grc'><strong>.</strong></span> <span class='ocrx_word' id='word_1_335' title='bbox 1200 3645 1299 3714; x_wconf 80' lang='lat' dir='ltr'><strong>cepon-</strong></span> 
     </span>
     <span class='ocr_line' id='line_1_35' title="bbox 127 3727 1298 3800; baseline 0 -18"><span class='ocrx_word' id='word_1_336' title='bbox 127 3728 192 3783; x_wconf 86' lang='lat' dir='ltr'><strong>dant</strong></span> <span class='ocrx_word' id='word_1_337' title='bbox 209 3746 262 3784; x_wconf 90' lang='lat' dir='ltr'><strong>une</strong></span> <span class='ocrx_word' id='word_1_338' title='bbox 280 3731 400 3799; x_wconf 89' lang='lat' dir='ltr'><strong>nymphe</strong></span> <span class='ocrx_word' id='word_1_339' title='bbox 418 3728 507 3784; x_wconf 82' lang='lat' dir='ltr'><strong>s&#39;etait</strong></span> <span class='ocrx_word' id='word_1_340' title='bbox 532 3727 622 3798; x_wconf 81' lang='lat' dir='ltr'><strong>eprise</strong></span> <span class='ocrx_word' id='word_1_341' title='bbox 647 3729 682 3782; x_wconf 91' lang='lat' dir='ltr'><strong>dc</strong></span> <span class='ocrx_word' id='word_1_342' title='bbox 700 3729 837 3797; x_wconf 88' lang='lat' dir='ltr'><strong>Daphnis:</strong></span> <span class='ocrx_word' id='word_1_343' title='bbox 862 3728 954 3783; x_wconf 80' lang='lat' dir='ltr'><strong>c’etait</strong></span> <span class='ocrx_word' id='word_1_344' title='bbox 972 3728 1051 3800; x_wconf 77' lang='lat' dir='ltr'><strong>Lyke</strong></span> <span class='ocrx_word' id='word_1_345' title='bbox 1076 3729 1115 3798; x_wconf 86' lang='lat' dir='ltr'><strong>(la</strong></span> <span class='ocrx_word' id='word_1_346' title='bbox 1132 3730 1298 3798; x_wconf 86' lang='lat' dir='ltr'><strong>lumineuse).</strong></span> 
     </span>
     <span class='ocr_line' id='line_1_36' title="bbox 126 3814 1299 3884; baseline 0.001 -17"><span class='ocrx_word' id='word_1_347' title='bbox 126 3814 187 3869; x_wconf 86' lang='lat' dir='ltr'><strong>Elle</strong></span> <span class='ocrx_word' id='word_1_348' title='bbox 206 3815 295 3870; x_wconf 90' lang='lat' dir='ltr'><strong>obtint</strong></span> <span class='ocrx_word' id='word_1_349' title='bbox 313 3815 348 3869; x_wconf 91' lang='lat' dir='ltr'><strong>de</strong></span> <span class='ocrx_word' id='word_1_350' title='bbox 365 3816 404 3869; x_wconf 90' lang='lat' dir='ltr'><strong>lui</strong></span> <span class='ocrx_word' id='word_1_351' title='bbox 422 3815 449 3869; x_wconf 88' lang='lat' dir='ltr'><strong>la</strong></span> <span class='ocrx_word' id='word_1_352' title='bbox 466 3831 606 3883; x_wconf 91' lang='lat' dir='ltr'><strong>promesse</strong></span> <span class='ocrx_word' id='word_1_353' title='bbox 625 3814 691 3883; x_wconf 87' lang='lat' dir='ltr'><strong>qu&#39;il</strong></span> <span class='ocrx_word' id='word_1_354' title='bbox 714 3830 748 3868; x_wconf 88' lang='lat' dir='ltr'><strong>nc</strong></span> <span class='ocrx_word' id='word_1_355' title='bbox 773 3815 935 3869; x_wconf 74' lang='lat' dir='ltr'><strong>connaItrait</strong></span> <span class='ocrx_word' id='word_1_356' title='bbox 954 3814 1053 3884; x_wconf 88' lang='lat' dir='ltr'><strong>jamais</strong></span> <span class='ocrx_word' id='word_1_357' title='bbox 1079 3814 1186 3871; x_wconf 83' lang='lat' dir='ltr'><strong>d&#39;autre</strong></span> <span class='ocrx_word' id='word_1_358' title='bbox 1210 3830 1299 3870; x_wconf 88' lang='lat' dir='ltr'><strong>amour</strong></span> 
     </span>
     <span class='ocr_line' id='line_1_37' title="bbox 128 3898 1299 3970; baseline -0.001 -17"><span class='ocrx_word' id='word_1_359' title='bbox 128 3915 181 3967; x_wconf 90' lang='lat' dir='ltr'><strong>que</strong></span> <span class='ocrx_word' id='word_1_360' title='bbox 198 3900 224 3954; x_wconf 93' lang='lat' dir='ltr'><strong>le</strong></span> <span class='ocrx_word' id='word_1_361' title='bbox 248 3901 315 3968; x_wconf 87' lang='lat' dir='ltr'><strong>sien,</strong></span> <span class='ocrx_word' id='word_1_362' title='bbox 340 3906 481 3970; x_wconf 79' lang='lat' dir='ltr'><strong>menaqaut</strong></span> <span class='ocrx_word' id='word_1_363' title='bbox 505 3900 540 3954; x_wconf 86' lang='lat' dir='ltr'><strong>de</strong></span> <span class='ocrx_word' id='word_1_364' title='bbox 564 3900 590 3953; x_wconf 91' lang='lat' dir='ltr'><strong>le</strong></span> <span class='ocrx_word' id='word_1_365' title='bbox 613 3899 711 3954; x_wconf 90' lang='lat' dir='ltr'><strong>rendre</strong></span> <span class='ocrx_word' id='word_1_366' title='bbox 737 3898 853 3969; x_wconf 81' lang='lat' dir='ltr'><strong>aveugle</strong></span> <span class='ocrx_word' id='word_1_367' title='bbox 877 3899 919 3954; x_wconf 88' lang='lat' dir='ltr'><strong>s&#39;il</strong></span> <span class='ocrx_word' id='word_1_368' title='bbox 943 3900 1083 3968; x_wconf 83' lang='lat' dir='ltr'><strong>manquait</strong></span> <span class='ocrx_word' id='word_1_369' title='bbox 1105 3901 1122 3954; x_wconf 74' lang='lat' dir='ltr'><strong>a</strong></span> <span class='ocrx_word' id='word_1_370' title='bbox 1146 3915 1178 3955; x_wconf 87' lang='lat' dir='ltr'><strong>sa</strong></span> <span class='ocrx_word' id='word_1_371' title='bbox 1201 3900 1299 3970; x_wconf 87' lang='lat' dir='ltr'><strong>parole.</strong></span> 
     </span>
     <span class='ocr_line' id='line_1_38' title="bbox 127 3983 1299 4054; baseline 0.002 -17"><span class='ocrx_word' id='word_1_372' title='bbox 127 3985 252 4039; x_wconf 91' lang='lat' dir='ltr'><strong>Pendant</strong></span> <span class='ocrx_word' id='word_1_373' title='bbox 270 3986 432 4054; x_wconf 82' lang='lat' dir='ltr'><strong>longtemps‚</strong></span> <span class='ocrx_word' id='word_1_374' title='bbox 458 3985 581 4054; x_wconf 90' lang='lat' dir='ltr'><strong>Daphnis</strong></span> <span class='ocrx_word' id='word_1_375' title='bbox 605 3989 650 4039; x_wconf 88' lang='lat' dir='ltr'><strong>sut</strong></span> <span class='ocrx_word' id='word_1_376' title='bbox 672 3983 782 4040; x_wconf 73' lang='lat' dir='ltr'><strong>resistet</strong></span> <span class='ocrx_word' id='word_1_377' title='bbox 806 4000 859 4038; x_wconf 84' lang='lat' dir='ltr'><strong>aux</strong></span> <span class='ocrx_word' id='word_1_378' title='bbox 883 3985 956 4040; x_wconf 92' lang='lat' dir='ltr'><strong>mille</strong></span> <span class='ocrx_word' id='word_1_379' title='bbox 980 3985 1130 4040; x_wconf 88' lang='lat' dir='ltr'><strong>tentations</strong></span> <span class='ocrx_word' id='word_1_380' title='bbox 1155 3986 1223 4054; x_wconf 92' lang='lat' dir='ltr'><strong>qn&#39;il</strong></span> <span class='ocrx_word' id='word_1_381' title='bbox 1245 4002 1299 4040; x_wconf 89' lang='lat' dir='ltr'><strong>ren·</strong></span> 
     </span>
     <span class='ocr_line' id='line_1_39' title="bbox 128 4069 1299 4140; baseline 0.001 -17"><span class='ocrx_word' id='word_1_382' title='bbox 128 4071 246 4124; x_wconf 87' lang='lat' dir='ltr'><strong>contrait</strong></span> <span class='ocrx_word' id='word_1_383' title='bbox 262 4087 309 4124; x_wconf 91' lang='lat' dir='ltr'><strong>sur</strong></span> <span class='ocrx_word' id='word_1_384' title='bbox 326 4070 351 4124; x_wconf 92' lang='lat' dir='ltr'><strong>la</strong></span> <span class='ocrx_word' id='word_1_385' title='bbox 368 4075 460 4124; x_wconf 88' lang='lat' dir='ltr'><strong>route:</strong></span> <span class='ocrx_word' id='word_1_386' title='bbox 479 4072 545 4124; x_wconf 89' lang='lat' dir='ltr'><strong>mais</strong></span> <span class='ocrx_word' id='word_1_387' title='bbox 563 4086 598 4123; x_wconf 90' lang='lat' dir='ltr'><strong>un</strong></span> <span class='ocrx_word' id='word_1_388' title='bbox 615 4070 688 4140; x_wconf 84' lang='lat' dir='ltr'><strong>jour,</strong></span> <span class='ocrx_word' id='word_1_389' title='bbox 712 4069 731 4122; x_wconf 92' lang='lat' dir='ltr'><strong>il</strong></span> <span class='ocrx_word' id='word_1_390' title='bbox 749 4086 779 4124; x_wconf 90' lang='lat' dir='ltr'><strong>se</strong></span> <span class='ocrx_word' id='word_1_391' title='bbox 803 4070 884 4124; x_wconf 88' lang='lat' dir='ltr'><strong>laissa</strong></span> <span class='ocrx_word' id='word_1_392' title='bbox 907 4071 1013 4124; x_wconf 85' lang='lat' dir='ltr'><strong>enivrer</strong></span> <span class='ocrx_word' id='word_1_393' title='bbox 1036 4086 1085 4139; x_wconf 86' lang='lat' dir='ltr'><strong>par</strong></span> <span class='ocrx_word' id='word_1_394' title='bbox 1108 4070 1136 4125; x_wconf 89' lang='lat' dir='ltr'><strong>la</strong></span> <span class='ocrx_word' id='word_1_395' title='bbox 1158 4071 1216 4126; x_wconf 90' lang='lat' dir='ltr'><strong>fille</strong></span> <span class='ocrx_word' id='word_1_396' title='bbox 1240 4072 1299 4125; x_wconf 87' lang='lat' dir='ltr'><strong>d’un</strong></span> 
     </span>
     <span class='ocr_line' id='line_1_40' title="bbox 126 4153 1299 4227; baseline 0.001 -19"><span class='ocrx_word' id='word_1_397' title='bbox 126 4157 167 4208; x_wconf 91' lang='lat' dir='ltr'><strong>roi</strong></span> <span class='ocrx_word' id='word_1_398' title='bbox 185 4162 212 4209; x_wconf 91' lang='lat' dir='ltr'><strong>et</strong></span> <span class='ocrx_word' id='word_1_399' title='bbox 230 4154 299 4209; x_wconf 77' lang='lat' dir='ltr'><strong>odda</strong></span> <span class='ocrx_word' id='word_1_400' title='bbox 315 4156 333 4209; x_wconf 81' lang='lat' dir='ltr'><strong>a</strong></span> <span class='ocrx_word' id='word_1_401' title='bbox 350 4172 400 4210; x_wconf 91' lang='lat' dir='ltr'><strong>son</strong></span> <span class='ocrx_word' id='word_1_402' title='bbox 418 4157 533 4223; x_wconf 87' lang='lat' dir='ltr'><strong>caprice.</strong></span> <span class='ocrx_word' id='word_1_403' title='bbox 568 4153 649 4208; x_wconf 77' lang='lat' dir='ltr'><strong>Privd</strong></span> <span class='ocrx_word' id='word_1_404' title='bbox 667 4154 703 4208; x_wconf 92' lang='lat' dir='ltr'><strong>de</strong></span> <span class='ocrx_word' id='word_1_405' title='bbox 720 4155 747 4208; x_wconf 87' lang='lat' dir='ltr'><strong>la</strong></span> <span class='ocrx_word' id='word_1_406' title='bbox 764 4155 853 4209; x_wconf 88' lang='lat' dir='ltr'><strong>douee</strong></span> <span class='ocrx_word' id='word_1_407' title='bbox 870 4155 990 4223; x_wconf 81' lang='lat' dir='ltr'><strong>lumiere,</strong></span> <span class='ocrx_word' id='word_1_408' title='bbox 1012 4156 1136 4224; x_wconf 73' lang='lat' dir='ltr'><strong>Daphnus</strong></span> <span class='ocrx_word' id='word_1_409' title='bbox 1155 4171 1253 4227; x_wconf 85' lang='lat' dir='ltr'><strong>essaya</strong></span> <span class='ocrx_word' id='word_1_410' title='bbox 1269 4172 1299 4210; x_wconf 87' lang='lat' dir='ltr'><strong>eu</strong></span> 
     </span>
     <span class='ocr_line' id='line_1_41' title="bbox 127 4239 1298 4312; baseline 0 -18"><span class='ocrx_word' id='word_1_411' title='bbox 127 4241 189 4294; x_wconf 86' lang='lat' dir='ltr'><strong>vain</strong></span> <span class='ocrx_word' id='word_1_412' title='bbox 207 4241 242 4295; x_wconf 89' lang='lat' dir='ltr'><strong>de</strong></span> <span class='ocrx_word' id='word_1_413' title='bbox 259 4257 290 4296; x_wconf 92' lang='lat' dir='ltr'><strong>se</strong></span> <span class='ocrx_word' id='word_1_414' title='bbox 308 4239 433 4295; x_wconf 89' lang='lat' dir='ltr'><strong>consoler</strong></span> <span class='ocrx_word' id='word_1_415' title='bbox 451 4257 485 4294; x_wconf 91' lang='lat' dir='ltr'><strong>en</strong></span> <span class='ocrx_word' id='word_1_416' title='bbox 503 4241 602 4294; x_wconf 83' lang='lat' dir='ltr'><strong>faisant</strong></span> <span class='ocrx_word' id='word_1_417' title='bbox 625 4240 735 4293; x_wconf 83' lang='lat' dir='ltr'><strong>retentIr</strong></span> <span class='ocrx_word' id='word_1_418' title='bbox 759 4240 794 4292; x_wconf 89' lang='lat' dir='ltr'><strong>de</strong></span> <span class='ocrx_word' id='word_1_419' title='bbox 819 4255 864 4294; x_wconf 91' lang='lat' dir='ltr'><strong>ses</strong></span> <span class='ocrx_word' id='word_1_420' title='bbox 888 4239 983 4294; x_wconf 89' lang='lat' dir='ltr'><strong>ohants</strong></span> <span class='ocrx_word' id='word_1_421' title='bbox 1009 4245 1037 4294; x_wconf 92' lang='lat' dir='ltr'><strong>et</strong></span> <span class='ocrx_word' id='word_1_422' title='bbox 1061 4241 1099 4295; x_wconf 90' lang='lat' dir='ltr'><strong>du</strong></span> <span class='ocrx_word' id='word_1_423' title='bbox 1119 4240 1171 4312; x_wconf 89' lang='lat' dir='ltr'><strong>jeu</strong></span> <span class='ocrx_word' id='word_1_424' title='bbox 1194 4242 1298 4297; x_wconf 88' lang='lat' dir='ltr'><strong>deson</strong></span> 
     </span>
     <span class='ocr_line' id='line_1_42' title="bbox 127 4322 666 4393; baseline -0.004 -15"><span class='ocrx_word' id='word_1_425' title='bbox 127 4323 286 4380; x_wconf 82' lang='lat' dir='ltr'><strong>chalumesu</strong></span> <span class='ocrx_word' id='word_1_426' title='bbox 303 4322 390 4380; x_wconf 74' lang='lat' dir='ltr'><strong>l&#39;eoho</strong></span> <span class='ocrx_word' id='word_1_427' title='bbox 408 4325 458 4379; x_wconf 90' lang='lat' dir='ltr'><strong>des</strong></span> <span class='ocrx_word' id='word_1_428' title='bbox 477 4330 666 4393; x_wconf 75' lang='lat' dir='ltr'><strong>montagnes.›</strong></span> 
     </span>
    </p>
   </div>
   <div class='ocr_carea' id='block_1_6' title="bbox 0 0 1438 4822">
    <p class='ocr_par' dir='ltr' id='par_1_8' title="bbox 0 0 1438 4822">
     <span class='ocr_line' id='line_1_43' title="bbox 0 0 1438 4822; baseline 0 0"><span class='ocrx_word' id='word_1_429' title='bbox 0 0 1438 4822; x_wconf 95' lang='lat' dir='ltr'><strong> </strong></span> 
     </span>
    </p>
   </div>
  </div>
 </body>
</html>
