2866 4822
1201 259 1240 322 53

64 422 248 489 diverbium
272 423 395 489 faciunt
416 423 587 505 bobuleno,
610 424 659 490 cui
682 429 732 488 est
754 444 868 490 nornen
891 424 1050 509 Daphnis,
1078 431 1111 491 et
1133 426 1241 510 puella

64 527 224 610 capraria.
268 527 381 608 Neque
411 526 510 610 igitur
539 545 672 609 usquam
702 527 783 593 hacc
812 527 875 591 tria
903 547 1036 592 munera
1065 529 1241 611 pastoralia

63 629 150 693 inter
173 649 208 694 se
230 629 461 712 permiscentur
484 649 504 692 a
526 627 664 712 poetar).

152 731 222 795 Iam
245 731 345 796 oculis
367 750 579 814 proponamus
608 730 765 812 tabulam,
795 731 827 794 in
858 751 921 814 qua
944 734 1035 796 varia
1064 733 1193 798 nomina
1221 753 1241 797 a

63 832 239 898 Theocrito
262 837 416 917 usurpata
439 841 471 897 et
493 837 656 916 pastorum
679 837 712 896 et
734 833 918 898 animalium
946 853 1016 898 curn
1045 835 1241 917 singulorum

62 938 134 998 tum
164 935 440 1019 congregantium,
475 955 558 1016 quae
588 955 608 998 a
638 934 772 1018 singulis
801 934 984 1019 pastoribus
1018 935 1241 1001 custodiuntur

19 1069 22 1071 Α
63 1040 164 1119 atque
195 1036 336 1118 aluntur,
371 1040 404 1100 et
434 1035 685 1120 significationes
716 1037 856 1101 usitatae
884 1035 1038 1121 pascendi
1069 1039 1241 1122 conspicua

65 1137 156 1202 fiant.

486 1268 630 1338 νομεῖς,
657 1258 822 1339 pastores

62 1372 278 1456 βουκόλος,
476 1371 635 1461 ποιμήν,
658 1376 777 1460 opilio
884 1373 1063 1456 αἰπόλος,

62 1476 423 1559 βούτος,1ιοοιι1οοε
1042 1481 1240 1565 caprarius

63 1597 206 1680 quibus
222 1595 446 1662 custodibus
462 1601 669 1680 pascuntur
685 1601 723 1661 et
738 1602 917 1662 curantur
933 1599 1115 1663 animalia
1134 1600 1240 1664 haec:

62 1714 142 1794 βόες
165 1716 265 1781 boves
443 1714 448 1802 Ι
476 1709 543 1792 όιες
566 1736 642 1781 oves
850 1715 856 1802 l
884 1711 972 1801 αἶγες
995 1737 1111 1801 caprae

220 1835 349 1900 horum
377 1836 595 1900 animalium
622 1836 772 1900 nomina
799 1837 852 1902 sic
876 1837 1087 1902 variantur:

62 1957 196 2038 ταῦροι,
218 1955 302 2019 tauri
475 1958 563 2041 μῆλα
586 1957 707 2038 (μᾶλα),
730 1975 806 2020 oves
883 1951 1014 2039 τράγος,
1038 1955 1145 2022 hircus

63 2055 220 2140 διιμόλαι,
242 2057 398 2122 iuvencae
477 2050 583 2142 ἄρνες,
606 2056 748 2141 agni(ae)
883 2057 1065 2140 τροιγίσκοι,
1088 2059 1203 2124 hirculi

61 2155 193 2242 μόσχοι,
216 2158 376 2243 vituli(ae)
475 2156 579 2243 κριός,
602 2161 686 2225 aries
884 2155 1029 2242 ἐνόρχας,
1053 2180 1149 2243 caper

62 2256 212 2344 πόρτιες,
235 2261 358 2326 vitulae
478 2253 585 2345 όμνοί,
609 2261 751 2347 agni(ae)
885 2257 1003 2344 ἔριφοι,
1027 2260 1134 2343 haedi,

60 2363 293 2446 μοσχίοπὶοιιίἰ
304 2363 423 2428 novelli
476 2355 617 2448 όμνὶόες,
641 2385 745 2448 agnae
1096 2365 1240 2448 capellae

711 2488 831 2551 parvae
881 2465 1029 2548 χίμαρος,
1054 2466 1204 2548 hirculus,

430 2654 434 2661 Ι
475 2567 548 2646 οἰίς,
573 2568 699 2633 ovicula
1114 2567 1241 2651 capella

475 2666 569 2750 βοτά,
592 2691 709 2754 pecora
882 2671 1040 2754 χίμαιραι,
1063 2669 1209 2753 capellae

883 2768 1038 2856 μηκάδες,
1053 2773 1240 2836 muttientes

1021 2873 1087 2958 (sol.
1111 2872 1240 2957 caprae)

586 2995 723 3060 greges

62 3089 170 3180 ἀγέλη
478 3086 577 3179 ἀγέλη
886 3085 984 3179 όγέλη

61 3193 279 3277 βουκόλιον*
476 3193 516 3261 τό
539 3197 697 3280 ποίμνιον

477 3288 497 3362 όι
519 3299 647 3382 ποίμνοι

299 3417 483 3501 pascendi
516 3416 831 3500 significationes
868 3416 1011 3506 variae:

559 3535 592 3620 a)
614 3554 747 3619 pascere

63 3653 202 3736 βόσκειν
476 3651 610 3734 βόσκειν
884 3651 1019 3732 βόσκειν

63 3755 222 3840 νομεύειν
476 3754 632 3840 νομεόειν
884 3752 1040 3837 νομεόειν

154 3980 174 4046 ¹)
193 3977 233 4032 Cf.
257 3978 291 4032 A.
316 3977 436 4032 Osrtnult
458 3977 476 4031 l.
494 3977 511 4031 l.
530 3994 555 4045 p.
573 3981 637 4030 429:
660 3974 826 4030 «Theocrito
850 3974 987 4044 distingue
1011 3975 1067 4030 tres
1089 3980 1241 4030 nettement

63 4065 134 4119 trois
152 4062 266 4133 especes
284 4064 319 4118 de
337 4063 438 4132 patres,
463 4065 510 4132 qui
533 4062 650 4116 forment
673 4061 723 4115 des
748 4060 899 4130 categorica
917 4061 933 4114 a
949 4065 1019 4130 part,
1044 4061 1085 4116 les
1102 4061 1240 4130 bouviers,

64 4152 108 4207 les
135 4151 248 4219 bergcrs
275 4155 304 4204 et
328 4149 369 4204 les
396 4149 553 4204 chevriers»
580 4157 632 4202 etc.
651 4179 683 4187 —
708 4147 860 4201 Buecheler
886 4146 903 4200 l.
924 4146 941 4200 l.
969 4147 1038 4200 hanc
1063 4163 1120 4200 rem
1146 4163 1241 4216 parurn

63 4235 197 4306 respexit,
216 4234 250 4289 cf.
269 4252 296 4304 p.
310 4239 366 4288 350.
385 4265 418 4272 -

152 4323 166 4354 *
184 4320 333 4376 Asteriscis
350 4319 503 4390 significata
521 4319 605 4374 verba
622 4318 674 4374 nisi
691 4318 719 4371 in
738 4333 759 4372 o.
779 4315 848 4373 VIlI
865 4332 919 4370 non
936 4315 1070 4386 leguntur.
