2866 4822
129 239 169 304 36

134 409 243 476 addit:
266 407 394 478 ταύταν
409 412 579 497 κατθείην,
594 407 636 476 τὰ
653 411 687 475 δὲ
702 415 750 475 τῶ
766 406 894 496 πατρὸς
910 404 951 477 ού
967 417 1160 497 καταθηοιῦ,
1177 415 1299 496 qualem

129 514 260 578 minutis
290 534 360 578 cum
383 515 615 579 variationibus
644 514 842 599 (καταθείην
863 537 893 599 p.
921 553 963 561 -
988 517 1132 600 καθείην
1155 517 1232 582 Mor.
1255 516 1300 581 ed.

130 653 169 661 -
193 617 356 701 κταθείην
379 616 426 700 Β.)
456 617 531 681 libri
560 638 668 681 omnes
698 617 784 699 iique
815 618 1068 701 praestantiores
1091 638 1218 683 versum
1241 625 1300 684 tra-

129 717 255 804 dunt;¹)
279 719 358 783 nihil
382 720 465 783 enirn
488 720 629 802 pertinet
651 718 694 783 ad
716 740 782 784 rem
804 720 964 804 scriptura
986 721 1124 786 Medicei
1148 720 1217 786 cod.
1240 722 1251 805 (
1274 725 1300 803 .):

127 816 256 884 ταύταν
286 823 470 906 καταθείην
500 822 703 905 negligenter
734 823 858 888 scilicet
880 823 976 888 lacta.
1021 822 1175 889 Videmus
1207 824 1301 907 igitur

128 924 305 1007 optativum
328 925 537 1008 potentialem
560 925 697 1009 positum
713 926 781 990 sine
797 925 957 1008 particula
973 948 1040 1001 κεν,
1062 946 1154 1009 quae,
1176 927 1205 991 si
1221 947 1300 991 com-

128 1046 253 1091 munem
277 1028 430 1091 orationis
457 1046 547 1092 usum
578 1047 755 1110 sequemur,
782 1026 976 1112 postulanda
999 1032 1055 1108 est,
1085 1028 1137 1093 cui
1167 1030 1300 1094 similem

128 1126 258 1192 dicendi
280 1129 444 1194 licentiam
467 1127 510 1193 ad
532 1151 561 1194 v.
579 1131 617 1193 13
640 1129 672 1193 in
696 1131 861 1194 enuntiato
889 1130 1025 1195 relativo
1053 1150 1151 1214 supra
1173 1130 1301 1196 demon·

128 1232 306 1298 stravimus.
336 1232 406 1296 Etsi
422 1231 502 1297 haec
517 1233 703 1316 potentialis
719 1233 896 1298 sententiae
912 1232 1014 1298 forma
1029 1233 1116 1317 apud
1132 1234 1300 1299 Homerum

127 1335 208 1400 loeis
230 1334 389 1399 nonnullis
411 1335 579 1415 invenitur,
609 1340 717 1399 tamen
749 1355 788 1399 ea
812 1355 868 1400 usu
891 1335 1082 1401 Theocriteo
1113 1338 1300 1419 pracsertim

69 1453 72 1458 ·
128 1437 160 1501 in
184 1437 337 1503 bucolicis
360 1438 554 1503 carminibus
574 1458 776 1521 nequaquam
790 1437 952 1521 probatur.
994 1439 1158 1504 Theocriti
1175 1439 1300 1521 quiden

126 1539 278 1623 loquendi
302 1538 562 1605 consuetudinem
585 1539 778 1623 indagantes
795 1563 854 1604 κεν
875 1541 1003 1606 circiter
1017 1541 1117 1606 vicies
1134 1541 1302 1606 dumtaxat

2 1683 4 1687 Α
126 1642 159 1707 n
188 1643 336 1726 genuinis
366 1641 490 1726 ruyrus
514 1643 705 1726 (r-xvrn,
728 1643 1024 1725 xxviii-xxx)
1054 1664 1126 1708 eum
1159 1645 1301 1728 optativo

127 1746 296 1830 potentiali
319 1747 548 1811 sententiarum
572 1766 654 1828 quae
676 1766 734 1830 per
749 1765 783 1810 se
799 1750 886 1810 stant
902 1747 1103 1812 coniunctum
1119 1748 1301 1830 reperimus,

129 1848 186 1913 sed
209 1869 248 1913 ne
270 1869 367 1912 unum
390 1848 520 1931 quidem
543 1848 724 1931 exemplum
747 1848 780 1911 in
799 1848 954 1914 bucolicis
976 1847 1108 1932 idylliis,
1131 1849 1188 1913 uhi
1204 1850 1301 1914 solum

82 2014 92 2024 ,.
127 1952 306 2036 optativum
321 1952 354 2014 in
370 1950 525 2016 eiusmodi
541 1951 709 2016 sententiis
724 1951 878 2033 legamus.
922 1952 1006 2015 Nam
1026 1952 1057 2014 in
1073 1952 1182 2017 verbis
1198 1953 1235 2033 V,
1250 1954 1300 2016 20:

126 2049 168 2118 τὰ
184 2050 351 2135 Δάφνιδος
374 2048 463 2137 ἄλγε’
480 2047 632 2136 ἀροίμαν,
654 2074 748 2137 quern
763 2053 871 2119 locunt
885 2054 1091 2135 Frituschius,
1113 2059 1149 2118 ut
1165 2055 1302 2120 sanciret

128 2177 200 2221 eum
223 2155 263 2221 de
286 2176 348 2238 quo
372 2155 507 2221 dicimus
529 2175 630 2237 usum,
656 2155 775 2220 frustra
797 2156 922 2238 ascivit,
952 2154 1078 2220 modurn
1102 2177 1191 2221 mere
1214 2163 1301 2241 opta-

127 2259 228 2325 tivum
251 2279 311 2324 non
334 2278 500 2342 possumus
530 2279 590 2322 non
620 2263 772 2340 statuere,
802 2259 907 2341 qualis
936 2253 1164 2342 saepenumero
1196 2260 1301 2326 obser-

127 2368 221 2427 vatur
243 2362 276 2425 in
298 2362 598 2442 asseverationibus,
620 2367 656 2425 ut
678 2362 715 2442 V,
737 2363 875 2441 14-163
898 2361 935 2443 V,
952 2363 1022 2426 150.
1044 2399 1086 2407 -
1110 2361 1157 2426 df.
1180 2363 1301 2427 Aristo-

126 2465 222 2550 phan.
253 2465 350 2548 equit.
374 2466 489 2547 vovsq.
519 2463 547 2528 εί
571 2464 607 2528 δέ
628 2482 661 2528 οε
684 2466 772 2547 μισῶ
798 2465 853 2527 καὶ
882 2460 926 2550 μὴ
955 2465 1032 2546 περὶ
1062 2467 1125 2528 σού
1158 2462 1300 2548 μάχομαι

125 2564 231 2651 μόνος
253 2558 499 2652 οἷμςοιβεβηκοίς,
529 2558 717 2651 ἀπολοίμην
740 2567 795 2630 καὶ
828 2567 1063 2651 διαπρισθείην
1086 2591 1122 2630 τε
1146 2569 1300 2633 λέπαδνα.

55 2733 57 2736 ,
127 2671 241 2752 Itaque
264 2666 306 2733 τὰ
329 2667 496 2749 Δάφνιδος
519 2661 608 2751 ἄλγε’
625 2659 767 2752 ἄροίμαν
797 2670 902 2752 patrio
930 2689 1075 2734 sermone
1103 2668 1301 2734 reddendum

128 2778 177 2838 est
199 2772 258 2838 sic:
286 2772 339 2837 die
362 2772 551 2838 Schmernen
575 2771 632 2836 des
655 2772 801 2855 Daphnis
830 2772 898 2836 will
927 2772 979 2837 ioh
1011 2777 1160 2855 ertragen
1192 2774 1301 2852 (sollen

127 2875 211 2941 mich
228 2874 364 2960 treffen),
386 2896 479 2939 vvenn
496 2924 554 2955 ...,
576 2894 650 2939 non:
673 2874 739 2939 ‘ich
762 2873 870 2938 durfte
886 2874 973 2938 vvohl
989 2877 1155 2958 ertragen’.
1190 2876 1301 2958 Neque

127 2997 219 3044 secus
242 2996 349 3043 resse
372 2977 480 3058 habet,
503 2997 573 3042 cum
596 2976 733 3059 legimus
755 2977 877 3057 XXIX,
898 2977 937 3041 37
948 2997 1029 3059 sqq:
1052 2981 1116 3041 νῦν
1138 2977 1201 3060 μὲν
1222 2973 1301 3065 κηἰιὶ

126 3073 168 3145 τὰ
187 3075 310 3164 χρύσεα
324 3081 400 3164 par’
412 3075 526 3143 ἕνεκεν
549 3076 780 3163 σέθενίίβαίην
803 3079 859 3142 καί
882 3071 1039 3161 φύλακον
1061 3073 1196 3143 νεκύων
1218 3075 1302 3144 πεδὰ

128 3183 295 3268 Κέρβερον
326 3183 423 3267 (jetut
452 3182 561 3247 vvollte
591 3183 645 3247 ich
668 3181 718 3246 fur
742 3180 817 3247 dich
847 3182 952 3265 gehen
983 3202 1021 3246 nu
1051 3181 1113 3247 den
1144 3181 1301 3266 goldenen

50 3284 55 3295 ’
127 3286 265 3372 Aepleln
288 3286 354 3351 und
376 3307 446 3350 num
468 3284 646 3369 Cerberus),
669 3306 689 3349 a
711 3305 775 3367 qua
797 3286 1036 3351 asseveratione
1059 3283 1223 3350 diversum
1247 3290 1301 3368 est,

128 3388 215 3471 quod
237 3387 373 3454 subinde
395 3386 582 3470 adiungitur
605 3386 667 3471 (vv.
684 3388 806 3469 sesto:

280 3487 364 3556 τόκα
388 3484 507 3556 δὀύδὲ
530 3493 726 3571 καίεῦντος,
750 3490 800 3555 ἐπ’
813 3481 961 3566 αύίείαις
984 3488 1107 3574 θύραις

280 3591 484 3679 προμόλοιμί
507 3618 544 3658 κε
566 3590 781 3677 παυσάμενος
801 3594 936 3676 χαλέπω
958 3591 1072 3659 πόθον.

128 3697 175 3763 cf.
198 3698 234 3764 G.
257 3699 426 3762 Hermann.
450 3716 555 3780 opusc.
578 3697 632 3778 lV,
654 3717 683 3780 p.
700 3698 770 3761 156.

213 3802 358 3882 Itemque
380 3799 416 3864 id
437 3799 524 3880 XVI,
545 3801 584 3864 67
608 3796 744 3881 ὲλοίμαν
771 3803 868 3882 atque
891 3821 919 3865 v.
936 3801 976 3864 64
999 3799 1048 3884 είη
1071 3804 1104 3864 et
1127 3821 1155 3865 v.
1171 3803 1213 3866 65
1237 3797 1301 3884 ἔχοι

127 3902 240 3968 modus
262 3903 389 3986 proprie
413 3902 577 3986 optativus
600 3903 669 3967 sine
692 3900 791 3968 dubio
813 3902 1051 3985 intellegendus
1074 3901 1164 3987 est2)
1200 3903 1300 3969 Unum

214 4072 235 4138 ¹)
248 4072 290 4125 Dc
303 4087 418 4139 apocop.
432 4071 542 4125 attende
552 4086 632 4124 usum
640 4070 809 4140 frequentem
823 4071 898 4141 apud
907 4072 1055 4125 Homerum
1066 4076 1094 4126 et
1103 4071 1178 4140 apud
1187 4072 1299 4128 Theoor.

127 4154 163 4226 Il,
182 4161 221 4210 24.
240 4157 274 4225 V,
289 4161 345 4210 143.
364 4156 465 4223 XXVI,
484 4161 516 4211 34
535 4151 688 4226 (κάτθετο).
725 4156 765 4212 ef.
784 4157 914 4211 Kuehner
931 4156 947 4211 l.
961 4157 977 4211 l.
997 4157 1066 4227 542,
1085 4162 1108 4211 4.
1128 4189 1161 4197 -

214 4244 235 4310 ²)
253 4241 294 4297 Ol.
313 4243 399 4297 verba
421 4243 550 4297 translata
573 4243 606 4297 ab
625 4242 742 4297 Morike:
771 4243 847 4313 ‘Mag
869 4243 927 4298 sein
951 4243 1024 4298 Geld
1046 4243 1106 4298 sich
1129 4243 1232 4299 hdufon
1255 4258 1300 4298 un·

128 4327 244 4395 endlieh,
269 4327 324 4381 und
343 4327 387 4382 dle
406 4328 542 4397 Begierdc
565 4328 634 4383 nach
652 4328 727 4382 mehr
744 4329 800 4382 ihm
817 4329 917 4384 rastlos
934 4329 1033 4383 achron
1050 4343 1093 4384 am
1110 4328 1226 4399 Heraen,
1248 4328 1300 4383 lch
