2910 4830
1218 231 1258 296 55

173 397 237 464 Sed
260 419 343 482 quae
365 404 534 483 praeterea
557 420 698 484 pungere
721 406 854 484 possunt
884 400 1081 484 suspicacem
1111 401 1261 482 animum,

86 501 282 583 perscrutari
319 499 598 584 supersedeamus,
635 522 707 567 cum
739 522 817 585 prae
850 502 945 566 rebus
972 503 1088 571 ,allatis
1126 523 1164 567 ea
1198 503 1262 566 sint

88 600 217 666 leviora.
263 602 408 684 Denique
431 623 512 668 nunc
543 603 698 667 etiamid
727 603 847 686 ipsum,
877 602 963 685 quod
994 608 1106 668 cantus
1136 608 1261 668 constat

88 724 130 767 ex
154 702 267 787 elegis,
290 704 345 787 qui
366 704 512 769 versibus
534 705 731 769 hexametris
754 705 870 769 intexti
899 709 985 786 sunt,
1015 706 1165 787 quoniam
1194 709 1261 768 tam

87 806 190 870 multa
212 807 392 890 suspicione
415 806 660 890 perstringenda
682 807 818 889 fuerunt,
841 805 1260 872 fidemTheoc1·iteamcar·

88 908 165 971 mini
189 908 331 991 elegiaco
354 910 410 973 vix
432 908 535 973 affert.

174 1011 283 1075 Tertio
303 1011 372 1075 Ioco
393 1009 564 1075 dicendum
580 1015 629 1074 est
644 1016 781 1093 poe'tam,
805 1010 859 1091 qui
879 1010 988 1094 elegos
1004 1011 1140 1095 scripsit,
1163 1010 1261 1075 alium

89 1112 188 1176 111666
211 1117 308 1194 atque
331 1133 411 1194 eurn,
435 1113 489 1194 qrui
512 1133 561 1176 vv.
579 1113 681 1176 1-32
704 1111 790 1176 fecit.
820 1113 908 1176 Inter
932 1113 989 1177 hos
1012 1112 1140 1177 6111166
1163 1133 1262 1195 quan-

89 1218 156 1277 tum
179 1214 305 1278 11161611
328 1214 430 1279 modis
453 1214 563 1293 forma,
586 1215 753 1278 sententiis
776 1215 947 1296 elegantia,
975 1235 1067 1279 nemo
1090 1215 1159 1296 erit,
1186 1215 1262 1297 quin

88 1316 122 1380 in
145 1316 214 1399 ipso
237 1315 431 1399 perlegendo
462 1316 590 1396 sentiat,
620 1336 722 1398 neque
755 1336 834 1398 opus
864 1322 913 1380 est
944 1316 1010 1381 ulla
1039 1316 1262 1400 explicatione.

89 1419 197 1501 Atque
218 1419 320 1482 multa
342 1418 559 1483 deliberantes
582 1437 637 1483 nos
661 1416 789 1500 quidem
813 1418 920 1500 elegos
943 1418 1100 1483 malumus
1122 1419 1262 1482 tribuere

89 1526 204 1605 poetae
227 1521 295 1601 tali,
318 1522 429 1603 quales
453 1524 525 1585 sunt
548 1521 606 1584 Bio
629 1525 662 1584 ot
684 1519 841 1602 Moschus,
872 1521 924 1584 vel
947 1521 1082 1586 fortasse
1112 1521 1258 1585 alterutri

89 1623 243 1704 ipsorum;
273 1641 367 1703 quam
390 1621 433 1685 ad
457 1621 637 1704 opinionem
660 1619 848 1685 adducimur
871 1626 904 1685 61
931 1620 1017 1703 quod
1044 1622 1110 1685 alia
1137 1641 1262 1704 quoque

89 1723 216 1787 illorum
238 1728 387 1807 poemata
409 1723 468 1787 suh
491 1722 656 1787 Theocriti
687 1724 812 1787 nomine
841 1728 1059 1807 propagantur
1089 1722 1198 1806 (atque
1228 1721 1263 1787 id

90 1825 178 1891 cadit
204 1826 238 1889 in
267 1824 333 1890 idd.
355 1826 444 1907 XIX,
467 1826 539 1906 XX,
561 1825 685 1906 XXIII,
707 1824 847 1909 XXVII)
878 1831 911 1890 et
941 1824 1026 1907 quod
1057 1826 1089 1890 in
1119 1825 1263 1907 reliquiIs

90 1928 264 1994 carminum
295 1927 465 1993 eorundem
496 1927 676 1992 simillimus
706 1926 836 1992 1166111
865 1947 941 1993 usus
972 1934 1069 2010 atque
1099 1928 1132 1991 in
1162 1927 1263 2011 elegis

90 2032 287 2112 observatur,
311 2031 399 2095 velut
419 2030 467 2094 illi
486 2035 602 2113 poeitae
621 2030 788 2113 particulis
809 2025 859 2108 dv,
875 2022 927 2113 ἦν,
944 2054 990 2107 κε,
1012 2035 1070 2095 616.
1086 2030 1263 2114 promIscue

90 2137 201 2198 contra
224 2133 388 2198 Theocriti
418 2131 691 2213 consuetudinem,
721 2137 756 2195 ut
780 2131 932 2213 vidimus,
961 2133 1010 2197 usi
1043 2139 1116 2197 sunt
1146 2131 1199 2215 (cf.
1222 2126 1263 2216 ἢν

90 2234 178 2319 apud
199 2236 289 2299 Bion.
309 2236 363 2317 IV,
385 2237 432 2300 14.
455 2235 509 2316 VI,
529 2237 557 2299 3.
579 2237 605 2298 5.
626 2236 653 2299 8.
676 2237 728 2314 103
755 2235 842 2318 apud
866 2235 1027 2299 Moschum
1051 2236 1076 2316 I,
1096 2236 1124 2298 4.
1144 2235 1193 2298 24.
1213 2235 1263 2298 25.

91 2340 141 2402 26.
157 2339 206 2402 28.
229 2374 268 2381 -
294 2330 335 2400 ἄν
357 2358 406 2420 ap.
423 2336 510 2401 Bion.
525 2337 584 2417 III,
604 2338 654 2416 133
676 2357 726 2420 ap.
747 2336 865 2402 Mosch.
880 2338 940 2414 III,
960 2338 1008 2401 54.
1031 2338 1101 2400 119.
1122 2338 1195 2401 12Ο;
1218 2327 1264 2411 ὥς

91 2462 160 2518 κεν,
175 2441 259 2511 121;
282 2430 327 2515 ὡς
351 2435 414 2522 ἂν).

176 2542 327 2607 Proxima
358 2547 466 2606 aetate
497 2540 537 2606 16
567 2541 618 2606 his
648 2541 846 2606 tetrastichis
876 2541 1145 2607 ReItzensteinIus
1175 2539 1264 2624 (Epi,-

91 2665 214 2728 gramm
237 2643 301 2709 und
323 2644 466 2724 Skolion,
493 2644 624 2708 Giessen
650 2643 745 2728 1893)
772 2643 1010 2708 memorabilem
1033 2663 1070 2708 ac
1093 2664 1208 2708 novam
1230 2643 1265 2706 in

91 2745 231 2810 medium
254 2745 387 2829 protulit
410 2746 610 2827 sententiam,
633 2757 704 2809 curn
727 2745 806 2809 dicit
829 2767 858 2828 p.
876 2747 950 2810 189:
976 2795 1006 2827 „.
1030 2797 1036 2809 .
1060 2796 1066 2809 .
1090 2796 1096 2809 .
1119 2743 1184 2809 und
1207 2744 1264 2809 hat

92 2847 150 2912 der
172 2848 269 2912 Leser
288 2846 372 2930 jetat
394 2847 464 2912 sich
490 2847 678 2930 hberzeugt,
708 2847 782 2912 dass
810 2868 850 2911 an
873 2848 974 2913 Stelle
1005 2846 1062 2911 der
1092 2846 1264 2911 61161116-

93 2949 295 3033 lage-Elegia
319 2948 514 3014 mindestens
537 2951 599 3014 seit
622 2948 786 3013 1611111116
810 2949 868 3014 des
892 2947 1265 3013 vierten'Jahrhuanerts

92 3052 152 3116 das
174 3052 358 3136 Epignomm
382 3056 528 3134 getreten
552 3051 605 3132 ist,
633 3051 698 3115 und
725 3051 800 3116 dass
828 3051 926 3116 schon
949 3072 1005 3115 vor
1034 3050 1092 3114 der
1114 3050 1185 3114 Zeit
1208 3049 1266 3115 des

92 3154 251 3218 Theokrit
280 3155 321 3217 im
352 3154 551 3237 Peloponnes
585 3154 617 3217 in
651 3153 834 3218 demselben
869 3154 978 3217 hlaine
1011 3151 1265 3235 Schilderungen

93 3255 150 3320 der
180 3256 283 3319 Natur
317 3255 394 3320 oder
429 3255 485 3320 des
515 3255 742 3320 Hirtenlebens
776 3255 897 3319 lrelieht
927 3275 1043 3334 waren,
1076 3274 1110 3318 so
1144 3255 1267 3318 kommt

93 3358 179 3423 wohl
197 3357 307 3442 jedem
330 3358 389 3423 das
412 3360 507 3423 achte
530 3358 617 3442 Idyll
644 3357 701 3422 der
727 3357 1001 3422 theokrIteIschen
1025 3356 1211 3438 Sammlung
1233 3357 1265 3418 in
1390 3386 1392 3391 ·

92 3460 154 3525 deu
178 3461 256 3525 Sinn
279 3459 437 3544 (adhaec
460 3462 493 3524 in
516 3459 601 3525 adn:
630 3462 713 3525 Dass
741 3481 774 3525 es
797 3481 883 3524 zuar
905 3459 993 3524 nicht
1015 3480 1077 3523 von
1100 3458 1266 3540 Theokrit,

92 3563 171 3627 aber
193 3562 362 3627 immerhin
385 3563 459 3628 sehr
482 3563 529 3627 alt
551 3563 602 3644 ist,
626 3562 734 3627 werde
757 3562 810 3627 ich
833 3581 890 3627 aus
913 3561 970 3625 der
994 3559 1186 3642 Gestaltung
1209 3559 1266 3623 der
1337 3544 1341 3556 ’

94 3665 341 3749 Daphnis-Sage
363 3671 472 3750 sp'ater
495 3665 577 3731 noch
597 3665 698 3729 n'aher
719 3685 757 3729 zu
774 3665 929 3729 erweisen
944 3662 1143 3745 versuchen).
1177 3663 1266 3745 Epi-

92 3788 257 3851 gramme
280 3767 364 3833 sind
387 3768 423 3831 in
447 3766 512 3832 der
535 3767 634 3831 That
657 3766 719 3832 die
741 3766 878 3832 Lieder
906 3765 973 3830 des
1001 3770 1126 3830 ersten
1149 3765 1266 3828 Wett-

93 3870 241 3950 streits,
267 3868 380 3952 jedes
407 3870 467 3935 1111
494 3869 575 3934 sich
603 3870 686 3933 eine
714 3869 897 3933 Einheit.“

178 3974 213 4039 Si
236 3985 345 4039 verum
369 3979 427 4056 est,
449 3972 535 4056 quod
557 3974 613 4038 ille
636 3974 684 4037 vir
707 3972 820 4038 doctus
842 3973 942 4037 nimia
964 3992 1035 4037 curn
1054 3969 1172 4034 fiducia
1195 3989 1267 4052 pro-

93 4077 229 4154 nuntiat,
252 4077 320 4140 fieri
344 4097 404 4141 non
427 4082 543 4160 potest,
573 4078 648 4158 quin
672 4095 782 4140 versus
814 4075 950 4158 elegiaci
980 4071 1166 4156 interpolati
1195 4071 1266 4135 sint.

93 4179 159 4244 Sed
189 4179 223 4243 id
254 4178 339 4261 quod
362 4179 630 4243 ReItzensteinius
659 4177 740 4243 dicit
772 4176 813 4241 de
847 4176 991 4241 omnibus
1024 4173 1176 4257 strophis,
1210 4191 1267 4236 nos

93 4282 232 4365 quidem,
264 4283 340 4364 quia
362 4282 484 4368 primae
508 4287 659 4364 quattuor
682 4279 834 4363 strophae
865 4279 959 4343 binae
990 4277 1155 4343 evidenter
1184 4275 1267 4339 inter
