2866 4822
1265 240 1306 303 59

126 430 191 476 non
214 409 325 491 habet,
346 407 390 475 ad
413 407 499 493 quod
521 407 689 491 referatur,
711 415 747 474 ut
761 406 805 475 ad
820 408 970 474 amissam
989 409 1096 492 potius
1115 409 1306 473 sententiam

126 516 279 596 spectare
301 508 464 590 videatur3
496 530 591 593 quam
613 531 679 575 rem
711 530 781 575 cum
804 509 907 573 Hiller
937 509 1165 593 interpretatur
1188 510 1306 575 verbis:

126 614 184 678 καὶ
209 614 264 698 (=
280 610 376 695 auch)
399 612 488 678 steht
510 611 632 695 darum,
660 612 735 677 weil
759 609 816 676 der
843 610 1033 695 allgemeine
1056 611 1214 676 Gedauke
1236 632 1307 677 vor-

126 715 290 782 schwebt:
315 714 418 799 „auch
440 735 481 780 an
504 715 564 780 mir
586 714 662 799 (wie
684 735 726 779 an
748 713 889 779 anderen
908 713 1030 797 jungeri
1051 714 1177 798 Hirten)
1199 714 1307 779 finden

126 817 183 885 die
206 817 366 884 Madehen
390 817 569 900 Gelallen“,
596 818 694 882 infert
715 817 869 883 videlieet
895 817 965 882 loeo
993 818 1197 898 sententiam,
1224 839 1306 901 quae

126 921 274 1006 exprimi·
292 919 397 1005 potuit
420 924 477 986 aut
499 920 621 1002 debuit,
648 941 710 984 non
733 920 931 1004 exprimitur.
975 920 1069 999 Quod
1096 941 1192 1003 quam
1220 927 1306 987 recte

125 1043 185 1090 nos
209 1021 491 1108 reprehendamus,
514 1023 621 1089 elucet
642 1044 683 1087 ex
706 1021 922 1106 compluribus
941 1022 1015 1087 aliis
1030 1023 1187 1106 exemplis
1203 1023 1307 1088 Theo·

126 1126 249 1207 criteis,
278 1145 361 1209 quae
392 1125 528 1191 conferri
556 1124 704 1189 velimus:
731 1125 786 1205 IV,
807 1126 834 1188 9.
858 1124 895 1204 V,
914 1125 963 1189 90.
984 1126 1033 1189 96.
1056 1126 1124 1190 106.
1149 1127 1215 1189 114.
1237 1127 1306 1190 122.

126 1229 200 1310 VII,
215 1229 267 1294 37.
282 1229 323 1292 92
347 1227 475 1312 (quibus
498 1227 607 1292 allatis
629 1226 725 1292 simul
746 1227 950 1311 conspicuum
974 1226 1009 1290 fit
1031 1248 1088 1311 pro
1111 1219 1194 1310 κᾶμ’,
1220 1226 1307 1310 quod

125 1330 226 1414 vulgo
261 1330 444 1412 exhibetur,
477 1327 680 1395 scribendum
714 1348 784 1394 esse
818 1324 902 1412 κῆρ’,
935 1329 974 1394 ef.
1009 1329 1107 1394 etiam
1139 1330 1240 1412 1V,4
1274 1335 1307 1395 et

123 1434 169 1515 II,
194 1431 279 1518 159).

214 1534 281 1600 Sed
303 1535 483 1618 proximum
506 1534 597 1600 colon
621 1532 684 1616 (74,
707 1533 773 1617 75):

215 1653 259 1719 οὐ
279 1649 346 1736 μὰν
368 1643 447 1718 οὐδὲ
469 1647 581 1736 λόγων
604 1648 746 1738 ἐκρίθην
768 1643 836 1715 ἄπο
858 1647 920 1715 τὸν
943 1648 1068 1735 πικρὸν
1088 1644 1184 1741 αὐτᾷ,
1197 1653 1219 1737 ¹)

215 1749 302 1820 ἀλλὰ
322 1753 416 1820 κάτω
438 1755 563 1838 βλέψας
584 1747 648 1818 τὰν
671 1743 833 1836 ἁμετέραν
857 1747 938 1818 ὁδὸν
959 1747 1085 1837 εἷρπον.

125 1894 219 1958 cuius
242 1892 403 1957 sententia
426 1911 496 1957 eum
519 1888 732 1955 antecedente
755 1910 877 1954 conexa
899 1894 957 1971 est,
986 1889 1026 1954 ob
1050 1889 1084 1954 id
1106 1891 1209 1974 ipsum
1232 1912 1305 1976 spe·

125 1997 209 2061 ciem
232 1994 334 2060 habet
361 1992 618 2078 interpolationis
641 1998 743 2075 ,atque
766 1993 864 2056 etiarn
886 1997 1016 2076 propter
1038 1992 1120 2057 alias
1143 2013 1202 2075 res,
1225 2015 1305 2076 quas

124 2097 274 2182 protinus
301 2095 542 2180 explicabimus.
586 2095 726 2159 Primum
753 2095 852 2177 igitur
880 2092 966 2177 quod
992 2093 1133 2179 ὲκρὶθην
1159 2088 1226 2160 ἄπο
1255 2096 1305 2161 di·

125 2201 211 2266 citur
233 2218 292 2283 pro
314 2189 555 2283 ἀπεκρινάμην,
578 2217 680 2279 neque
700 2196 866 2262 ferendum
887 2202 936 2262 est
955 2217 1058 2279 neque
1074 2197 1304 2280 excusandum3

125 2301 168 2368 de
185 2321 250 2385 qua
265 2321 300 2366 re
316 2300 453 2365 omnium
470 2298 537 2364 lere
552 2299 733 2364 criticorum
750 2318 920 2364 consensus
940 2303 997 2380 est,
1020 2299 1108 2364 velut
1123 2301 1304 2367 Lobeekius

124 2404 170 2470 ad
193 2402 367 2488 Phrynieh.
389 2423 420 2487 p.
437 2402 511 2467 108:
538 2397 635 2478 εἰδώς
658 2394 847 2466 οὖντοῦτο
871 2400 925 2465 ἐπὶ
946 2401 1007 2485 μὲν
1028 2405 1091 2466 τοῦ
1114 2394 1304 2467 ἀποδοῦναι

124 2503 189 2594 τὴν
213 2503 388 2591 ἐρώτησιν,
413 2495 664 2587 ἀποκρίνασθαι
688 2505 776 2587 λέγε,
804 2502 856 2568 ἐπὶ
886 2504 922 2567 δὲ
943 2507 1008 2567 τοῦ
1032 2504 1305 2589 δεαχωρισθῆναι,

126 2601 360 2693 ἀποκριθῆναι
380 2605 549 2674 adnotavit
569 2626 640 2672 eum
656 2606 722 2671 alia
741 2611 808 2671 turn
823 2606 917 2671 haee:
940 2627 1058 2690 ,neque
1076 2601 1305 2694 ἀποκριθῆναι

125 2731 269 2794 unquam
299 2709 467 2792 quisquam
498 2728 555 2792 pro
587 2700 839 2792 ἀποκρίνασθαι
862 2711 1018 2793 veteres2)
1049 2728 1219 2793 usurpasse
1249 2709 1304 2775 de-

125 2813 306 2878 monstret'.
360 2813 402 2875 nt
436 2810 631 2876 Meinekium
667 2810 708 2894 (p.
734 2813 809 2892 479)
842 2831 970 2894 quoque
1003 2810 1185 2893 laudamus,
1218 2811 1304 2895 quod

125 2914 279 2980 Maehoni
308 2918 424 2998 poetae
455 2914 535 2978 satis
564 2913 714 2997 ignobili,
747 2915 802 2997 qui
834 2912 948 2978 eadem
978 2914 1068 2977 verbi
1097 2913 1200 2978 forma
1228 2934 1304 2979 usus

125 3036 198 3082 esse
234 3015 347 3099 fertur,
380 3013 439 3080 sed
469 3015 501 3079 in
531 3015 699 3082 Ghriarum
729 3036 825 3099 opere
854 3015 980 3098 vulgari
1012 3035 1155 3080 sermone
1185 3017 1303 3100 scripto

126 3117 273 3204 (exstant
295 3123 402 3183 autem
430 3117 493 3183 duo
516 3118 666 3202 exempla
692 3118 779 3202 apud
802 3118 1004 3182 Athenaeum
1027 3118 1114 3199 Vlll,
1137 3139 1166 3201 p.
1186 3121 1248 3182 349
1271 3124 1304 3184 et

124 3222 225 3309 XIII,
252 3242 282 3305 p.
303 3221 391 3304 577),
424 3240 574 3304 magnam
608 3241 669 3285 non
703 3221 816 3284 tribuit
849 3221 1087 3302 auctoritatem,
1121 3221 1171 3285 eui
1206 3222 1303 3285 etiam

125 3322 307 3390 Buecheler
330 3322 453 3406 (Jahrb.
469 3323 490 3388 f.
505 3322 604 3387 klass.
620 3322 701 3386 Phil.
719 3325 800 3387 1860
822 3343 852 3406 p.
869 3325 959 3404 348),
981 3343 1173 3406 quamquam
1197 3328 1304 3388 cetera

124 3425 286 3492 contrarie
308 3423 432 3489 iudicat
454 3424 496 3490 de
522 3425 584 3490 boe
614 3426 768 3506 carmine,
797 3425 971 3489 assentitur
1000 3425 1051 3490 his
1079 3425 1198 3490 verbis:
1225 3427 1303 3506 „Be-

123 3527 267 3612 grdndet
299 3526 447 3611 dagegen
483 3529 527 3592 ist
559 3526 617 3591 der
650 3525 754 3592 Tadel
787 3548 848 3592 von
882 3525 1022 3614 ἐκρίθην
1055 3520 1122 3592 duo
1159 3533 1304 3611 spaterer

212 3713 235 3782 1)
254 3713 317 3768 Var.
336 3706 454 3782 λόγον(
480 3714 500 3783 ).
521 3742 551 3752 -
570 3706 603 3767 τὰ
621 3706 725 3782 πικρὸν
748 3713 833 3767 schol.
851 3713 879 3767 iu
896 3713 913 3766 l.
932 3712 1023 3767 habet.
1059 3713 1176 3768 Versum
1199 3730 1216 3767 a
1232 3713 1303 3782 prin·

123 3799 198 3868 ciplo
226 3797 298 3852 male
323 3797 425 3852 factum
449 3798 614 3853 coniecturis
638 3803 773 3866 temptare
796 3798 842 3852 vix
865 3815 935 3866 opus
963 3804 1014 3852 est.
1055 3798 1181 3853 Oetemm
1207 3815 1303 3853 versus

122 3884 262 3940 sententia
285 3883 357 3938 bene
380 3884 563 3954 intellegitur:
588 3885 731 3952 ,Flirwahr
754 3884 798 3938 ieh
822 3884 877 3954 gab
902 3886 942 3938 ihr
966 3884 1016 3939 das
1039 3884 1200 3939 krdnkende
1225 3885 1305 3940 Wort

122 3970 201 4024 nieht
219 3969 317 4023 eiumal
335 3969 446 4040 zurllelr,
470 3970 589 4024 sonderu
613 3969 657 4024 ich
675 3970 741 4039 ging
758 3986 783 4023 u.
797 3985 819 4023 s.
832 3971 890 4034 w.’;
915 3970 1013 4024 dicitur
1038 3971 1107 4024 enim
1132 3963 1226 4039 λόγων
1243 3972 1259 4023 ἱ.
1279 3986 1302 4025 e.

122 4054 279 4122 verborum,
306 4069 376 4123 quae
400 4053 575 4123 pronuntiare
598 4059 729 4122 poteram,
754 4059 782 4108 et
807 4048 857 4108 τὸν
880 4049 984 4124 πικρὸν
1006 4056 1022 4108 i.
1042 4070 1065 4109 e.
1089 4055 1142 4109 boc
1167 4056 1303 4124 (verbum)

122 4140 209 4196 modo
227 4156 279 4209 per
296 4139 444 4194 ludibrium
463 4139 574 4194 dietum.
610 4140 702 4194 Manet
719 4145 810 4193 tamen
828 4141 855 4193 in
873 4157 898 4194 v.
917 4139 1019 4195 duritas
1038 4141 1154 4195 dicendi.
1173 4172 1206 4179 —

211 4227 234 4295 ⁹)
246 4224 331 4294 Apud
344 4225 494 4293 scriptores
505 4225 615 4280 serioris
628 4225 796 4295 graecitatis:
809 4224 962 4295 Polybium,
972 4226 1131 4295 Diodorum,
1142 4226 1302 4296 Josephum,

122 4311 275 4367 Luclauum
294 4326 357 4365 eum
375 4310 453 4365 verbi
470 4325 550 4365 usum
568 4326 633 4366 sane
652 4310 853 4382 frequentatum
872 4311 1002 4366 videmus.
1022 4343 1054 4351 -
