2910 4830
1275 237 1316 302 59

140 427 203 473 non
225 407 334 489 habet,
356 405 399 471 ad
422 404 508 489 quod
530 405 698 488 referatur,
720 412 756 472 ut
771 404 814 472 ad
829 405 979 472 amissam
999 406 1105 490 potius
1125 406 1315 471 sententiam

140 513 288 592 spectare
311 507 472 588 videatnr;
505 529 600 591 quam
623 529 688 572 rem
720 528 790 573 cnm
813 508 916 571 Hillcr
945 507 1174 591 interpretatur
1197 508 1316 572 verbis:

140 611 196 674 καὶ
220 611 273 694 (²
289 608 385 693 auch)
408 610 496 675 steht
519 610 640 692 darnm,
669 609 744 675 weil
767 607 824 674 der
852 609 1042 692 allgemeine
1065 608 1223 674 Gedanke
1245 630 1316 674 vor·

140 712 299 778 schwebt:
324 712 427 795 „auch
449 734 490 777 an
513 713 573 777 mir
596 712 671 796 (wie
693 733 735 777 an
757 711 898 777 anderen
917 711 1040 795 jungen
1060 713 1187 796 Hirten)
1210 711 1316 777 finden

140 815 195 880 die
217 815 375 880 M'adohen
400 815 578 897 (lefallen“,
605 816 703 880 infert
725 814 878 880 videlicet
904 815 974 880 loco
1002 816 1206 896 sententiam,
1233 837 1316 898 quae

140 918 283 1002 exprimi·
301 917 407 1002 potuit
429 923 486 982 aut
509 917 629 1000 debuit,
657 939 718 982 non
742 918 940 1002 exprimitur.
984 917 1078 996 Quod
1106 939 1201 1000 quam
1229 924 1316 985 recte

139 1039 197 1085 nos
220 1019 499 1104 reprehendamus,
523 1020 629 1085 elucet
652 1042 692 1084 ex
715 1021 931 1104 compluribus
951 1020 1024 1085 aliis
1040 1020 1196 1104 exemplis
1212 1021 1316 1086 Theo-

140 1123 258 1204 criteis,
288 1143 370 1206 quac
401 1123 537 1187 conferri
565 1123 713 1187 velimus:
740 1122 795 1203 lV,
816 1124 843 1186 9.
867 1122 903 1203 V,
923 1124 972 1186 90.
993 1124 1042 1188 96.
1065 1124 1133 1188 loo.
1159 1124 1315 1188 114.122.

140 1225 211 1306 VII,
226 1225 276 1290 37.
292 1226 332 1289 92
357 1225 484 1308 (quibus
508 1225 616 1290 allatIs
639 1225 733 1290 simul
756 1225 959 1308 conspicuum
983 1225 1018 1288 fit
1041 1246 1097 1308 pro
1120 1217 1203 1308 κᾶμ’,
1230 1226 1316 1308 qnod

139 1326 237 1410 vulgo
271 1327 453 1408 exhibetur,
486 1325 689 1392 scribendum
723 1346 793 1392 esse
827 1322 911 1410 κῆρ’,
945 1326 983 1392 of.
1018 1328 1116 1392 etlam
1148 1328 1249 1410 lv,4
1284 1335 1316 1393 et

138 1431 181 1511 II,
206 1428 289 1514 159).

225 1531 291 1597 Sed
313 1533 493 1615 proximum
516 1531 606 1596 colon
630 1530 693 1614 (74,
716 1531 782 1616 75):

226 1646 355 1733 οὐρὰν
378 1641 456 1715 οὐδὲ
478 1646 590 1733 λόγων
613 1641 795 1736 ἐκρίθην”
778 1672 844 1713 auo
867 1645 929 1713 τὸν
952 1647 1077 1733 πικρὸν
1098 1642 1184 1739 αὐτᾷ
1185 1653 1228 1738 ,1)

226 1746 312 1816 ἀλλὰ
332 1750 425 1817 κάτω
447 1752 572 1835 βλέψας
593 1744 657 1816 τὰν
681 1741 842 1834 ἁμετέραν
866 1745 946 1816 ὁδὸν
969 1755 1095 1835 εἷρπον

109 1957 111 1961 ,
139 1890 229 1955 cuius
252 1889 413 1954 sententia
435 1909 505 1954 cum
529 1887 741 1953 antecedente
764 1908 885 1952 conexa
909 1893 966 1969 est,
944 1889 1035 1952 tob
1059 1888 1124 1952 id
1115 1909 1219 1973 ipsum
1242 1910 1314 1974 spc-

139 1994 221 2057 ciem
243 1992 343 2057 habet
370 1991 627 2075 interpolationis
650 1996 752 2073 atque
775 1991 872 2054 etiam
895 1996 1025 2074 propter
1048 1991 1130 2056 alias
1152 2011 1211 2074 res,
1234 2013 1314 2075 quas

138 2094 283 2178 protinus
310 2094 551 2178 explicabimus.
595 2093 735 2157 Primum
762 2093 861 2176 igitur
889 2092 975 2175 quod
1002 2091 1142 2178 ἐκρίθην
1169 2087 1236 2159 ἄπο
1265 2094 1315 2159 di-

138 2198 222 2262 citur
243 2216 300 2280 pro
324 2187 564 2281 ἀπεκρινάμην,
587 2215 689 2277 neque
709 2194 875 2259 ferendum
896 2200 945 2259 cst
965 2216 1067 2277 neque
1083 2196 1314 2279 excusandum3

138 2297 180 2364 de
196 2320 259 2381 qua.
274 2319 309 2362 rc
325 2298 462 2362 omnium
478 2297 546 2361 sere
562 2297 742 2362 criticorum
759 2316 929 2362 consensus
949 2302 1006 2378 est,
1029 2299 1117 2362 velut
1132 2299 1314 2365 Lobeclxins

138 2400 182 2466 ad
204 2400 377 2485 Phrynich.
399 2421 429 2483 p.
446 2401 520 2464 108:
547 2396 644 2475 εἰδώς
667 2393 731 2464 οὖν
753 2403 856 2464 τοῦτο
880 2399 934 2463 ἐπὶ
956 2398 1016 2482 μὲν
1038 2404 1100 2464 τοῦ
1124 2392 1314 2466 ἀποδοῦναι

136 2500 199 2590 τὴν
224 2500 397 2588 ἐρώτησιν,
423 2493 673 2584 ἀποκρίνασθαι
697 2503 786 2585 λέγε,
813 2500 866 2566 ἐπὶ
895 2502 931 2566 δὲ
953 2505 1017 2566 τοῦ
1042 2502 1314 2587 διαχωρισθῆναι,

138 2597 369 2690 ἀποκριθῆναι
389 2603 558 2669 adnotavit
579 2625 650 2669 cum
665 2604 731 2669 alia
750 2609 816 2669 tum
833 2606 926 2669 haec:
949 2624 1068 2687 ,neque
1085 2599 1314 2693 ἀποκριθῆναι

137 2728 278 2791 unquam
308 2707 477 2790 qnisquam
507 2726 564 2790 pro
596 2698 848 2791 ἀποκρίνασθαι
871 2709 1027 2790 veteres2)
1057 2728 1228 2791 usurpasse
1258 2707 1314 2774 de-

137 2814 243 2874 monst
244 2811 315 2873 rct'.
370 2810 412 2872 Et
445 2809 640 2873 Meinelxinm
676 2808 718 2893 (p
744 2811 818 2890 479)
852 2829 980 2893 quoque
1012 2809 1194 2892 laudamus,
1228 2809 1314 2893 quod

137 2911 288 2976 Machoni
318 2915 393 2994 polit
395 2932 433 2976 ae
464 2916 515 2976 sat
516 2912 544 2976 is
574 2911 723 2994 ignobili,
757 2913 813 2994 qni
843 2910 957 2976 eadem
987 2913 1078 2976 verbi
1107 2912 1209 2977 forma
1238 2932 1313 2978 usus

137 3033 208 3079 esse
243 3013 357 3095 fertur,
390 3012 448 3079 sed
477 3015 510 3076 in
540 3013 709 3078 Ohriarum
738 3035 834 3098 opere
864 3014 990 3097 vulgari
1021 3033 1165 3079 sermone
1195 3016 1313 3099 scripto

138 3113 282 3200 (exstant
304 3122 411 3181 autem
439 3115 502 3181 duo
526 3117 675 3200 exempla
702 3116 788 3200 apud
811 3117 1013 3181 Athenaeum
1037 3117 1124 3199 VIII,
1146 3138 1176 3201 p.
1196 3119 1258 3182 349
1281 3124 1314 3182 et

137 3218 234 3306 XIII,
262 3240 291 3303 p.
313 3219 401 3302 577),
434 3239 584 3301 magnam
617 3240 678 3283 non
712 3219 826 3283 tribuit
859 3219 1096 3301 auctoritatem,
1131 3220 1182 3284 cui
1215 3220 1314 3284 etiam

137 3321 316 3387 Buecheler
340 3321 462 3404 (Jahrb.
479 3322 500 3385 f.
515 3321 613 3386 klass.
629 3321 710 3385 Phil.
728 3323 809 3387 1860
832 3343 862 3404 ρ.
879 3323 968 3403 348),
991 3341 1183 3405 quamquam
1206 3328 1314 3387 cetera

138 3424 295 3489 contrarie
317 3422 441 3488 iudicat
463 3423 505 3488 de
532 3424 593 3488 hoc
624 3425 777 3504 carmine,
807 3424 980 3487 assentitur
1010 3424 1060 3489 his
1089 3424 1208 3490 verbis:
1234 3426 1313 3507 „Be-

136 3524 276 3609 grflndct
309 3525 456 3609 dagegen
493 3528 536 3590 ist
569 3525 626 3590 der
659 3524 763 3590 Tadel
797 3545 857 3589 von
892 3524 1032 3611 ἐκρίθην
1065 3519 1132 3590 ἄπο
1169 3531 1314 3610 spbtcrer

223 3712 244 3780 1)
264 3712 326 3767 Var.
346 3704 434 3781 λόγον
452 3712 510 3780 (m).
531 3742 560 3750 -
580 3705 611 3764 τὸ
630 3704 734 3781 πικρὸν
758 3711 843 3766 schol.
861 3712 888 3765 ia
906 3711 923 3765 l.
942 3712 1033 3766 habet.
1068 3712 1185 3767 Versum
1208 3729 1226 3766 a
1242 3713 1313 3780 prin·

137 3797 209 3865 cipio
237 3796 307 3850 male
333 3795 434 3850 lactum
458 3797 623 3851 coniectans
648 3802 782 3865 temptare
805 3797 851 3850 vir
875 3813 945 3865 opus
973 3804 1023 3851 est.
1064 3797 1191 3852 Ceterum
1217 3815 1313 3852 versus

136 3882 272 3937 sententia
296 3882 366 3936 bene
391 3883 572 3952 intellegitur:
598 3883 740 3950 ,Ftirwahr
764 3883 808 3937 ich
832 3883 886 3953 gab
911 3885 952 3937 ihr
976 3884 1025 3938 das
1049 3883 1209 3938 krhnkendc
1234 3885 1315 3939 Wcrt

136 3967 211 4022 nicht
230 3968 326 4021 clnmal
345 3968 455 4037 zuriiclx,
480 3969 598 4023 sondcrn
623 3969 667 4022 ich
685 3969 750 4037 ging
768 3985 793 4022 u.
807 3984 829 4022 a.
842 3970 900 4034 w.';
925 3969 1023 4024 dicitnr
1048 3971 1117 4023 enim
1141 3963 1235 4039 λόγων
1254 3971 1269 4023 i.
1289 3987 1312 4025 e.

135 4051 289 4120 verborum,
316 4068 386 4121 quae
410 4053 584 4120 pronuntiare
607 4059 738 4121 poteram,
764 4058 792 4107 et
816 4047 866 4108 τὸν
889 4048 993 4123 πικρὸν
1016 4055 1031 4107 i.
1052 4070 1074 4108 c.
1099 4054 1152 4108 hoc
1177 4056 1312 4124 (verbum)

136 4137 220 4192 modo
238 4155 288 4207 per
306 4138 454 4192 ludibrium
472 4138 583 4192 dictum.
619 4139 711 4192 Manet
729 4144 819 4192 tamen
837 4139 864 4192 in
882 4157 907 4194 v.
927 4139 1029 4194 duritas
1047 4140 1164 4194 dicendi.
1183 4172 1216 4179 —

223 4225 244 4292 Ξ)
257 4223 341 4292 Apud
354 4224 502 4291 scriptores
515 4224 624 4278 seriorIs
637 4224 805 4293 graecitatis:
818 4223 972 4293 Polybium,
981 4225 1141 4296 Diodorum,
1152 4227 1312 4296 Josephnm,

136 4308 286 4363 Lucianum
305 4324 366 4363 eum
385 4308 462 4364 verbi
480 4326 559 4364 nsum
577 4325 643 4364 sane
661 4309 862 4381 frequentatum
882 4310 1011 4365 videmus.
1031 4342 1063 4350 -
