2866 4822
1258 279 1298 342 63

125 450 231 515 Verba
254 441 330 534 μηδ’
345 444 447 532 ὔμμες
471 438 601 512 όκνιῑθ’
617 451 688 513 κτλ.
711 449 741 511 in
765 447 827 512 hac
849 446 1060 532 dispositione
1088 449 1187 532 probe
1210 469 1300 533 spec-

123 557 193 618 tant
227 551 272 616 ad
303 570 414 617 versus
447 549 688 630 antecedentes,
721 551 837 633 quibus
868 571 984 635 caprae
1018 551 1224 635 impelluntur
1257 551 1300 615 ad

123 653 320 738 pascendum
344 654 398 738 (=
422 652 507 736 „und
529 653 580 716 ihr
602 653 733 735 Schafe,
764 653 833 717 seid
860 653 942 717 auch
970 653 1021 717 ihr
1043 652 1132 718 nicht
1154 653 1297 736 sttnmig“

124 757 265 822 ntimlich
288 757 350 821 wie
373 755 426 820 die
448 755 591 840 Ziegen).
634 756 741 837 Atque
771 755 863 820 colon
893 756 1020 820 tertium
1053 757 1134 820 bene
1163 756 1301 821 refertur

123 858 165 924 ad
189 878 315 943 capras,
343 879 427 941 quae
449 857 580 942 quidem
602 878 719 941 pecora
743 858 845 941 magis
868 879 963 941 quam
987 878 1063 924 oves
1090 860 1154 923 sint
1176 858 1301 939 idonea,

124 983 208 1045 quae
231 961 332 1026 ubera
353 962 439 1026 lacte
461 961 625 1045 impleant.
668 961 815 1043 Itemque
838 962 870 1024 in
894 961 963 1025 eolo
991 961 1092 1025 altero
1120 960 1160 1025 de
1188 962 1300 1026 ovibus

124 1063 331 1148 cogitandum
355 1069 413 1145 est,
444 1084 515 1129 cum
538 1063 626 1128 canis
649 1063 691 1127 sit
713 1067 806 1128 notus
837 1063 893 1128 ille
923 1084 1028 1128 comes
1056 1065 1164 1147 gregis
1194 1064 1300 1128 ovium

124 1165 173 1252 (ut
189 1167 227 1248 V,
245 1168 319 1246 106;
341 1167 395 1248 VI,
411 1169 444 1246 93
467 1165 525 1231 sed
540 1167 628 1246 VIII,
644 1167 684 1230 27
708 1166 740 1230 in
762 1170 855 1249 parte
879 1165 1009 1250 spuria).
1037 1167 1074 1229 In
1098 1167 1176 1232 colis
1199 1167 1300 1251 primo

125 1274 158 1333 et
189 1272 304 1352 quarto
338 1272 387 1334 est
420 1269 507 1333 nulla
541 1268 737 1352 ambiguitas
771 1268 908 1333 dicendi.
952 1270 994 1333 ut
1027 1288 1138 1334 versus
1170 1271 1210 1334 72
1233 1289 1301 1353 sqq.

126 1373 275 1438 similiter
298 1371 330 1436 in
353 1372 425 1437 cola
447 1373 602 1436 concinna
625 1370 751 1454 disponi
773 1390 867 1455 posse
897 1378 1010 1455 postea
1041 1371 1301 1455 significabimus.

211 1474 376 1559 Principia
397 1494 472 1539 vero
496 1478 528 1538 et
550 1473 741 1557 fragmenta,
768 1495 788 1538 a
811 1474 927 1555 quibus
949 1474 1109 1558 inceptum
1133 1478 1166 1538 et
1188 1473 1301 1558 ampli-

125 1577 255 1643 ficatum
286 1581 336 1642 est
364 1581 466 1641 totum
496 1575 689 1661 idyllium1),
718 1576 817 1640 luisse
847 1576 928 1641 haec
958 1575 1099 1640 disticha
1128 1577 1300 1642 conicimus

126 1699 198 1744 cum
217 1678 292 1744 aliis
313 1677 355 1742 de
378 1679 483 1743 causis
505 1683 571 1742 tum
595 1699 635 1742 ex
659 1698 704 1760 eo,
727 1677 812 1759 quod
835 1678 862 1742 is
885 1679 939 1760 qui
963 1678 1129 1743 exordium
1152 1679 1301 1744 carminis

127 1781 205 1847 fecit
235 1803 276 1845 ex
305 1781 413 1846 verbis
442 1780 608 1845 Menalcae
637 1773 755 1864 μικκός
782 1777 849 1844 dclv
881 1786 913 1845 et
943 1777 1003 1844 σὺν
1032 1781 1127 1845 παιδὶ
1158 1781 1301 1864 νέμοντα

127 1884 280 1967 colligere
294 1884 399 1968 potuit
412 1883 569 1967 puerilem
584 1903 679 1965 quam
695 1882 815 1947 ibidem
832 1882 958 1947 effinxit
973 1889 1114 1948 aetatem
1130 1888 1301 1966 pastorum,

126 1991 193 2050 tum
220 2007 262 2050 ex
284 2007 334 2052 vv.
354 1987 404 2065 65,
424 1988 474 2067 67,
494 1987 534 2050 70
557 1984 734 2050 Menalcam
757 2005 827 2049 esse
851 1986 957 2050 ovium
986 1989 1160 2069 pastorem,
1187 2007 1228 2050 ex
1251 2007 1301 2051 vv.

127 2091 176 2171 73,
192 2092 242 2170 76,
258 2091 299 2154 80
321 2088 484 2172 Daphnim
507 2107 578 2153 esse
600 2087 782 2170 bubulcum,
805 2088 944 2171 deniqne
967 2111 1008 2153 ex
1030 2110 1059 2155 v.
1079 2090 1133 2153 bd:
1157 2089 1301 2172 νέμοντα

128 2192 282 2275 repetisse
304 2189 432 2256 ridetur
454 2190 535 2256 illud
557 2193 645 2274 μᾶλα
669 2191 778 2273 νέμων
802 2190 843 2273 (v.
860 2192 900 2274 2).

211 2294 381 2377 Reliquum
412 2297 474 2375 est,
504 2297 540 2358 ut
573 2297 750 2358 extremum
783 2292 931 2377 idyllium
961 2295 1089 2378 penitus
1122 2294 1302 2378 introspici-
1369 2345 1372 2353 .

127 2416 217 2462 amus
248 2395 417 2480 (81-93).
468 2396 574 2479 Atque
604 2396 636 2459 in
666 2417 695 2460 v.
718 2398 757 2460 81
789 2396 991 2479 agnoscimus
1021 2397 1129 2461 stilum
1159 2396 1301 2462 eiusdem

127 2500 182 2582 qui
214 2518 326 2564 versus
360 2500 458 2579 28s29
491 2499 627 2582 scripsit.
671 2499 707 2562 In
741 2500 899 2579 versibus,
932 2500 986 2581 qui
1016 2499 1092 2563 inde
1127 2506 1302 2582 sequuntur

128 2600 280 2685 (82-87)
296 2601 476 2684 quibusque
496 2599 661 2684 caprarius
682 2601 803 2664 arbiter·
823 2601 943 2665 ascitus
963 2607 1123 2665 certamen
1144 2600 1303 2665 diiudicat

128 2704 353 2788 Daphnimque
376 2704 531 2769 victorem
554 2701 708 2784 declarat,
736 2702 912 2768 similitudo
935 2702 1094 2786 quaedam
1118 2708 1150 2767 ct
1173 2702 1302 2768 dicendi

129 2810 161 2869 et
183 2804 347 2888 cogitandi
370 2825 440 2870 eum
464 2804 590 2888 epilogo
614 2803 665 2868 id.i
686 2805 701 2868 Ι
723 2803 917 2889 (rto-152)
940 2805 1096 2888 impressa
1119 2809 1180 2886 est,
1204 2811 1237 2868 ut
1260 2804 1301 2869 de

127 2907 177 2972 his
191 2914 328 2991 'quoque
350 2905 543 2987 dubitemus,
567 2911 671 2970 utrum
694 2913 810 2989 poetae
833 2907 990 2972 imitantis
1013 2927 1054 2971 an
1076 2907 1177 2990 ipsius
1196 2907 1301 2970 Theo-

128 3010 199 3075 criti
223 3011 295 3075 sint.
339 3008 422 3075 Huic
444 3009 512 3074 sine
536 3028 634 3074 causa
656 3009 794 3073 Brinker
817 3011 859 3093 (p.
880 3009 933 3092 30)
964 3009 1093 3074 cosdem
1123 3008 1301 3088 abiudicat3

128 3117 271 3197 ,propter
293 3112 425 3177 verbum
447 3110 634 3194 μέλπεσθαι
661 3111 742 3194 (83),
772 3112 819 3175 ait
848 3111 917 3193 ille,
949 3111 1034 3194 quod
1064 3110 1122 3175 Th.
1145 3131 1302 3194 nusquam

127 3215 283 3298 praebet’
316 3213 402 3279 Atei
421 3211 506 3277 idem
522 3233 551 3278 v.
567 3212 596 3276 d.
612 3211 800 3296 diligentius
820 3213 1100 3297 circumspexisset
1119 3213 1151 3277 in
1170 3213 1303 3297 idylliis,

127 3318 303 3383 invenisset
325 3317 356 3380 in
379 3315 422 3380 id.
438 3315 541 3397 XVII,
559 3316 619 3379 113
644 3311 783 3399 λιγυρὰν
807 3309 994 3399 ἅναμέλψαι
1019 3306 1177 3400 tondum).
1211 3316 1302 3381 Com·

127 3419 355 3485 memoratione
388 3423 496 3483 autem
529 3416 661 3500 dignum
695 3422 757 3498 est,
791 3417 876 3501 quod
906 3419 965 3483 Bio
999 3418 1132 3483 verbum
1164 3418 1303 3501 μέλπειν

126 3522 234 3606 posuit
256 3521 298 3602 II,
317 3522 345 3585 4.
368 3520 405 3602 V,
424 3525 452 3584 4.
476 3519 529 3600 VI,
551 3521 570 3584 8
593 3518 742 3601 idemque
773 3519 925 3603 κρέσσων
956 3520 980 3600 I,
1003 3522 1043 3583 55
1076 3524 1108 3583 et
1138 3519 1303 3602 κρέσσονα

126 3623 213 3704 XVI,
229 3624 248 3686 2
265 3619 486 3707 (1(1.ΧΧ,43),
507 3620 567 3685 hoc
590 3625 698 3684 tamen
720 3639 875 3703 nusquam
891 3621 1090 3685 Theocritus.
1121 3621 1168 3685 Of.
1184 3621 1302 3685 Mosch.

126 3727 184 3807 111,
209 3726 258 3790 19.
281 3726 322 3789 96
352 3722 527 3806 (μέλπειν),
559 3723 658 3806 epigr.
682 3722 719 3804 V,
741 3724 774 3787 4:
802 3717 1018 3805 μελπόμενος.
1046 3749 1088 3768 -·
1118 3724 1161 3787 Et
1190 3724 1222 3786 in
1253 3722 1302 3787 his

125 3847 253 3911 quoque
276 3826 422 3892 versibus
444 3824 626 3908 neglectum
642 3829 700 3905 cst,
723 3823 808 3907 quod
828 3826 919 3908 pueri
939 3829 1012 3890 sunt
1031 3825 1064 3906 ii,
1087 3825 1141 3906 qui
1158 3824 1301 3890 canendo

212 4014 235 4080 ¹)
253 4010 293 4066 of.
306 4011 440 4080 Legrand.
452 4011 470 4064 l.
483 4011 499 4064 l.
516 4027 543 4080 p.
558 4016 601 4064 16:
626 4011 686 4063 «les
703 4026 765 4064 vers
784 4014 892 4079 63-70,
912 4015 1010 4064 72-80
1031 4012 1094 4079 (77),
1120 4011 1166 4079 qui
1183 4015 1304 4078 pcuvent

126 4100 184 4153 titre
202 4099 243 4154 les
261 4096 354 4152 debris
371 4097 435 4151 d'un
452 4095 550 4164 poema
568 4095 736 4150 theocritden
756 4094 835 4164 place
851 4097 1062 4164 primitivement
1080 4097 1147 4150 dans
1159 4095 1185 4150 le
1198 4096 1303 4163 Corpus

126 4183 224 4237 tecte
242 4182 292 4237 des
309 4181 403 4250 pidces
420 4181 640 4250 authentiques.»

211 4269 233 4338 ⁹.)
252 4267 320 4322 Cum
339 4267 472 4321 Brinhero
492 4273 562 4320 errat
575 4267 709 4335 legrand.
728 4266 744 4318 l.
758 4267 774 4319 l.
793 4283 819 4334 p.
835 4271 873 4334 16,
892 4266 938 4335 qui
956 4283 981 4319 v.
995 4266 1021 4319 d.
1039 4266 1105 4320 satis
1124 4266 1207 4320 habet
1225 4266 1303 4319 unius

123 4352 182 4409 tere
199 4351 327 4408 BrInkeri
344 4357 504 4420 argumenta
522 4356 549 4406 et
568 4350 752 4406 dubitationes
769 4351 797 4404 tn
814 4351 865 4404 hac
883 4366 913 4405 re
931 4351 1081 4405 aestimare.
