2866 4822
1195 236 1234 306 17

54 415 107 480 De
137 435 217 480 voce
247 409 375 498 πυρρός
398 412 474 480 vid-e
498 432 665 478 excursum
687 414 712 476 I.
756 413 841 495 Ergo
866 433 937 476 eam
963 433 1030 476 rem
1052 411 1179 476 iuterim
1202 412 1234 475 in

54 517 166 583 medio
190 517 405 600 relinquamus
428 521 461 581 et
481 517 560 581 satis
577 520 625 580 θεῖ
640 515 701 580 hoo
719 515 790 580 loco
807 516 840 578 in
858 516 1040 579 universum
1060 535 1235 581 memorare

56 641 133 686 eam
156 640 266 685 vocem
293 619 479 703 plerumque
502 619 640 702 positam
663 637 733 682 esse
760 619 792 680 vi
820 618 890 682 voci
918 613 1046 698 ξανθός
1072 617 1236 682 simillima

55 743 179 805 easque
208 742 302 787 voces
336 722 383 786 ita
413 743 474 786 non
505 722 588 787 inter
619 741 654 785 se
685 721 827 801 differre,
861 727 896 785 ut
926 725 1041 804 poetae
1075 720 1235 785 interdum

55 827 240 910 promiscue
263 825 303 890 iis
325 824 373 888 uti
395 823 575 889 rideantur.

145 929 252 992 Primo
288 927 387 1010 igitur
421 927 533 990 obtutu
568 925 664 991 alicui
699 946 812 1009 parum
845 923 1018 1008 diligenter
1051 926 1156 991 locum
1189 927 1236 991 in-

56 1030 209 1115 spicienti
225 1030 358 1113 capillos
373 1049 543 1113 puerorum
559 1027 738 1111 descriptos
753 1027 856 1092 videri
872 1029 1009 1093 libenter
1018 1018 1236 1094 concedimus.

57 1133 160 1215 Atqui
184 1132 211 1197 si
233 1132 329 1215 paulo
352 1131 533 1197 accuratius
555 1131 768 1195 insinuaveris
790 1131 823 1194 in
846 1132 1013 1196 eonsilium
1036 1136 1069 1196 et
1084 1133 1149 1196 vim
1169 1133 1237 1196 eius

57 1235 402 1317 loci-sententiaeque
431 1233 565 1317 capillos
587 1233 749 1316 perhiberi
772 1254 832 1297 non
855 1253 949 1317 posse
971 1234 1036 1298 iam
1058 1234 1237 1318 intelleges.

58 1338 105 1403 Ut
135 1337 220 1401 enim
251 1342 402 1402 venustas
432 1356 600 1420 puerorum
631 1337 692 1400 hoc
721 1335 883 1401 adiectivo
913 1336 1191 1402 circumscribatur
1218 1351 1238 1401 a

58 1439 200 1524 poeta,¹)
232 1460 303 1504 eum
326 1438 504 1504 Fritzschio
527 1439 558 1518 (l.
574 1439 605 1519 l.)
629 1438 948 1504 animadvertendum
972 1444 1021 1504 est
1048 1440 1238 1524 ,pulchritu-

59 1544 147 1608 dinis
169 1545 202 1607 ln
225 1545 406 1608 uoluersum
429 1546 536 1606 notam
559 1542 620 1607 hoc
642 1543 711 1607 loco
731 1542 860 1607 minime
876 1542 1077 1625 desiderari’,
1099 1543 1157 1609 sed
1173 1545 1237 1609 vim

59 1647 161 1711 totius
194 1665 305 1711 versus
335 1645 473 1727 positam
503 1664 573 1710 esse
603 1646 635 1708 in
666 1665 704 1710 eo
735 1646 855 1729 potius,
889 1650 924 1709 ut
954 1650 1044 1711 aetas
1074 1651 1238 1730 pastorum

62 1748 262 1833 significetur
292 1747 326 1812 id
357 1746 442 1830 quod
470 1770 511 1812 ex
533 1749 603 1831 ipso
628 1739 743 1826 ἀνάβω
767 1748 904 1812 efficitur
927 1739 1146 1839 atqueetiam
1168 1769 1238 1813 ver-

59 1852 173 1917 borum
202 1852 416 1917 concinnitate
447 1849 586 1933 quadam
618 1850 702 1914 inter
732 1851 814 1915 hunc
845 1856 878 1915 et
906 1852 1085 1934 proximum
1112 1870 1238 1916 versum

60 1955 300 2038 comprobatur,
331 1974 402 2018 curn
433 1960 547 2036 quarto
571 1974 665 2018 versu
688 1952 870 2038 dupliciter,
900 1953 978 2036 quid
1000 1959 1238 2038 pastoresarte

58 2058 186 2142 possint
218 2057 354 2139 musica,
386 2058 496 2134 tertio,
529 2058 656 2139 inqua
687 2060 795 2121 aetate
826 2057 957 2137 fuerint,
991 2056 1112 2140 duplici
1144 2056 1238 2121 modo

61 2164 245 2244 peragatur,
268 2179 350 2241 quae
372 2159 455 2224 ratio
479 2159 546 2224 fere
569 2160 698 2243 propria
721 2165 770 2224 est
792 2161 985 2244 anaphoras.

149 2261 242 2341 Quod
264 2263 292 2327 si
314 2263 385 2344 quis
409 2267 539 2327 censeat
562 2267 703 2326 aetatem
725 2262 886 2326 hominum
909 2284 997 2327 more
1019 2264 1146 2347 poetico
1162 2268 1238 2347 apte

59 2365 169 2430 notari
191 2384 284 2449 posse
308 2365 418 2448 capilli
441 2364 546 2429 colore
561 2385 599 2430 ac
615 2369 730 2429 natura
745 2364 958 2449 depingenda,
982 2365 1239 2449 respondendum

60 2472 125 2533 est:
148 2486 225 2532 sane
248 2468 308 2532 hoe
331 2466 460 2550 quidem
483 2467 561 2547 fieri,
584 2466 641 2532 sed
664 2468 712 2532 ita
734 2472 769 2531 ut
790 2468 886 2551 plane
909 2469 1089 2534 contrariae
1104 2474 1238 2551 aetates,

60 2569 136 2635 dico
159 2570 357 2634 iuventutem
380 2575 413 2634 et
436 2573 641 2651 senectutem,
662 2570 745 2634 inter
767 2589 801 2635 εθ
821 2577 1020 2654 opponantur
1037 2571 1089 2654 (cf.
1104 2572 1238 2636 Theocr.

61 2672 297 2754 id.XXX,14;
320 2673 407 2754 XIV,
423 2674 464 2737 68
476 2693 544 2755 sqq.
568 2677 601 2737 et
620 2671 758 2737 Herond.
780 2672 828 2736 ed.
848 2674 966 2739 Buech.
988 2675 1080 2755 1892,
1102 2675 1127 2756 I,
1143 2674 1206 2758 67).
1226 2673 1238 2759 )

151 2841 172 2910 1)
191 2840 283 2910 Vulgo
301 2841 342 2895 sio
360 2841 476 2894 vertitur
493 2859 518 2895 v.
539 2842 637 2895 ‘Ambo
651 2842 769 2911 insignes
783 2846 859 2896 crant
873 2841 943 2896 flava
955 2858 1041 2910 coma,
1060 2842 1140 2897 ambo
1152 2843 1238 2911 puerI’

61 2926 227 2995 (Kiesslmg)
246 2931 274 2980 et
292 2926 390 2981 ‘Beide
408 2927 448 2981 sie
467 2942 557 2981 waren
576 2928 681 2982 annoch
699 2927 903 2996 blondloclrigc,
926 2927 1008 2982 beide
1026 2929 1098 2982 noch
1114 2929 1238 2983 Knabcn’

61 3012 158 3080 (Voss,
172 3012 288 3080 Notter).
307 3012 501 3066 Wuestemann
514 3029 625 3083 quoque
638 3013 693 3081 (ed.
709 3019 781 3081 1830,
800 3031 826 3082 p.
840 3013 885 3082 35)
903 3006 1036 3083 πυρρότρ.
1055 3015 1117 3082 ‘pro
1131 3006 1239 3078 ξανθός

62 3098 169 3152 dictum
188 3113 248 3152 esse
266 3099 367 3166 pulat’.
386 3129 418 3136 -
436 3099 520 3166 gloss.
539 3098 598 3152 eod.
617 3099 657 3151 M:
676 3093 867 3168 ξανθότριχες,
886 3091 1093 3165 §occupatum
1128 3099 1240 3154 sivero

61 3185 148 3252 poeta
165 3183 218 3237 hoo
230 3184 370 3249 voluisset,
388 3184 483 3237 mirum
503 3189 552 3252 θεῖ,
572 3200 620 3238 cur
631 3201 684 3238 non
697 3185 826 3239 usitatum
845 3189 873 3238 θῖ
885 3200 1027 3238 commune
1044 3184 1114 3237 illud
1132 3177 1240 3248 ξανθός

61 3285 113 3338 pro
132 3261 239 3338 πυρρός
256 3269 389 3337 posuerit,
407 3275 438 3322 ut
455 3285 564 3338 semper
581 3270 640 3323 aliIs
658 3270 740 3324 loeIs:
764 3269 796 3323 of.
816 3270 919 3339 XVIII,
934 3275 955 3323 1.
982 3270 1059 3339 XIII,
1076 3274 1130 3324 103.
1149 3270 1185 3338 ΙΙ,
1201 3276 1240 3324 16,

62 3359 103 3408 78.
129 3353 263 3413 Vll,116.
282 3352 316 3407 cf.
337 3355 418 3407 etiam
436 3355 539 3408 Mosoh.
559 3354 594 3423 II,
609 3359 649 3408 68.
666 3359 705 3409 84.
742 3355 911 3424 11.111,rsr.
949 3353 998 3408 Od.
1016 3355 1076 3424 XV,
1091 3359 1139 3409 133
1158 3359 1240 3425 atque

62 3440 146 3494 etiam
165 3439 341 3495 memorabile
360 3440 515 3508 exemplum
533 3439 607 3508 apud
624 3441 717 3508 Eurip.
737 3441 851 3507 (Phocn.
873 3445 937 3494 1159
956 3443 1023 3509 sq.):

321 3519 431 3588 ξανθὸν
450 3523 478 3578 δὲ
496 3528 588 3595 κρᾶτα
606 3519 754 3580 διεπάλυνε
771 3527 820 3579 καὶ
840 3518 934 3594 ῥαφάς

319 3603 434 3681 ἔρρηξεν
453 3604 566 3676 ὀστέων,
587 3603 650 3682 ἄρτι
669 3613 693 3664 δ’
702 3604 828 3665 οἰνωπὸν
845 3608 929 3680 γένυν

319 3689 537 3765 καθῃμάτωσεν·
554 3728 588 3735 -

150 3781 173 3850 ²)
196 3781 263 3836 Late
289 3784 366 3850 patet
391 3782 437 3835 hic
464 3782 574 3838 dicendi
600 3798 666 3837 usus
695 3783 769 3851 apud
795 3784 905 3851 po'dtas,
937 3787 966 3836 ut
994 3787 1100 3837 nostras
1130 3798 1240 3853 quoquc

62 3860 206 3922 Uhlar'rdus
223 3867 328 3921 scrIbIt:

219 3954 313 4020 „Eiust
330 3970 383 4024 sog
401 3954 470 4008 nach
489 3955 591 4008 diesem
609 3953 738 4008 Schlosse
757 3955 800 4009 eiu
818 3954 893 4009 edles
911 3953 1086 4023 Sangerpaar,

219 4038 291 4106 „Der
309 4039 360 4092 ein’
379 4039 406 4093 in
424 4040 553 4108 gold’nen
572 4040 694 4109 Loclren,
713 4040 762 4094 der
779 4040 863 4094 andro
881 4056 948 4110 grau
965 4057 1021 4094 von
1040 4040 1136 4095 Haar“.

61 4124 110 4180 vol
126 4127 159 4177 ut
176 4123 280 4178 Pluton.
300 4125 335 4179 do
349 4125 460 4180 Alarico
479 4126 578 4180 iuvene
597 4126 677 4180 dicit:

135 4209 292 4279 „Allzufrllh
310 4212 366 4265 und
382 4210 442 4266 fern
461 4212 510 4266 der
527 4213 636 4267 Heimat
654 4217 775 4267 mussten
794 4213 834 4267 sie
851 4214 898 4266 ihu
916 4213 974 4267 hier
991 4212 1136 4284 begrabcn,

133 4296 290 4365 „Wiihrcnd
307 4297 379 4351 noch
397 4297 442 4353 dio
459 4298 671 4367 lugendloclren
688 4299 763 4353 scine
781 4298 924 4354 Schultern
941 4299 1027 4354 blond
1044 4300 1205 4368 umgaben“.

62 4380 105 4440 cf.
123 4381 205 4437 etiam
223 4381 305 4452 coph.
322 4369 607 4453 Anug.'1ocas93,·„
1072 4456 1097 4506 Ἃ
