2866 4822
129 262 169 325 38

129 428 160 505 ἒς
183 428 311 495 ταύταν
334 422 462 515 ἐτύπην
481 425 719 513 χασμεύμενος,
750 428 924 511 quidquam
952 428 1137 512 ambiguum
1164 429 1248 492 inest
1269 429 1298 491 in

128 532 288 598 locutione
314 529 440 617 ἑτύιιην
463 533 633 616 perspicua
660 552 700 595 ex
727 532 957 596 sententiarum
984 551 1115 595 conexu.
1159 531 1299 596 Conferri

129 635 227 699 etiam
248 641 380 719 possunt
402 634 444 698 id.
467 635 507 715 X,
530 637 570 698 54
579 654 637 716 sq:

245 751 396 836 κάλλιον,
419 747 447 817 ὦ
469 746 644 838 ’πιμελητά
666 749 858 837 φιλάργυρε,
880 749 943 816 τὸν
964 748 1077 833 φακὸν
1099 748 1202 836 ἕψειν,

244 854 289 942 μή
311 880 344 921 τι
365 853 469 940 τάμῃς
490 854 554 920 τὰν
573 869 666 939 χεῖρα
690 857 887 937 καταπρίανν
909 851 948 919 τὸ
973 851 1124 938 κύμινον.

213 995 297 1058 Nam
319 986 363 1079 μὴ
385 1017 417 1057 τι
436 990 538 1076 τάμῃς
560 987 624 1057 τὰν
644 1005 738 1076 χεῖρα
753 998 814 1058 est:
837 995 888 1056 ‘ne
904 1013 968 1075 qua
983 1013 1110 1056 manum
1133 993 1298 1074 inscidas’,

129 1117 190 1162 non
213 1096 405 1178 abscidas,
427 1097 517 1162 velut
538 1098 652 1161 Notter
675 1100 798 1161 nostras
821 1116 931 1161 versus
953 1101 1040 1160 recte
1062 1096 1160 1160 vertit
1183 1096 1242 1161 sic:

175 1216 265 1298 „Zeit
287 1216 355 1280 ist's
377 1217 552 1299 knausiger
574 1217 683 1295 Meier,
706 1237 758 1279 um
777 1215 864 1298 jetno
892 1215 1005 1280 [insen
1028 1236 1066 1279 nu
1089 1214 1230 1296 kochen3

174 1318 353 1401 „Schneide
380 1319 455 1384 dich
483 1319 573 1384 nicht
594 1319 626 1382 in
650 1318 703 1383 die
727 1316 832 1399 Hand,
862 1316 970 1382 indem
1001 1317 1045 1382 du
1074 1319 1212 1401 spaltest
1241 1317 1299 1383 den

283 1422 464 1487 Klimmel“.

214 1525 261 1591 uf.
284 1523 421 1608 denique
444 1523 486 1590 id.
509 1526 548 1605 X,
563 1526 592 1588 4.

128 1647 242 1729 Itaque
275 1644 319 1710 ad
349 1645 507 1710 Graecum
540 1645 630 1708 illum
663 1643 793 1709 dicendi
826 1663 917 1709 usum
950 1644 1080 1727 propius
1111 1642 1300 1709 accedentes

129 1749 227 1813 etiam
257 1748 371 1813 verba:
402 1745 449 1811 ἔτι
480 1748 536 1810 καὶ
565 1744 627 1811 τὸν
658 1743 826 1811 δάκτυλον
858 1739 965 1829 oilye'oo
993 1750 1064 1810 κτλ.
1097 1746 1130 1810 in
1163 1747 1300 1831 linguam

128 1851 330 1917 vernaculam
362 1849 535 1914 transferre
565 1867 731 1933 possumus
760 1849 821 1914 hoo
850 1847 957 1913 modo:
994 1849 1094 1930 „noch
1120 1849 1206 1932 jetzt
1231 1850 1301 1914 thut

127 1954 188 2019 mir
211 1952 268 2018 der
290 1954 409 2036 Finger
431 1953 502 2017 hier
524 1953 606 2033 weh,
636 1951 765 2016 dieweil
793 1951 852 2016 das
874 1951 1064 2035 gesohlitnte
1087 1951 1176 2016 Rohr
1206 1953 1300 2017 mich

127 2057 365 2141 gesohnitten“;
388 2057 434 2120 sic
457 2056 541 2119 enim
564 2055 753 2120 Germanice
776 2075 902 2137 quoque
922 2057 1003 2119 'bene
1022 2055 1091 2119 sine
1107 2055 1175 2119 ulla
1191 2056 1300 2120 obscu-

127 2159 224 2224 ritate
247 2156 312 2223 diei
335 2176 428 2242 posse
451 2158 521 2240 quis
545 2158 671 2240 estqui
694 2158 881 2240 negaverit?
903 2195 945 2202 —

212 2260 278 2327 Sed
300 2281 362 2344 quo
385 2261 488 2325 minus
511 2260 713 2325 difficultatis
737 2260 827 2325 nobis
850 2260 945 2324 affert
964 2280 1136 2344 pronomen
1151 2285 1190 2342 με
1208 2262 1301 2326 inter·

127 2363 327 2450 pretandum,
350 2384 387 2428 eo
410 2364 513 2446 magis
536 2362 727 2428 offendimur
750 2362 847 2428 verbo
872 2363 1051 2446 ὁίέτμαξεν,
1077 2364 1154 2446 quia
1177 2385 1301 2448 compo-

128 2468 224 2532 situm
246 2466 378 2532 verbum
401 2487 457 2549 pro
481 2466 619 2550 simplici
639 2465 805 2530 evidenter
826 2470 925 2530 totam
943 2466 1132 2530 sententiam
1149 2467 1302 2549 quodam-

128 2569 221 2635 modo
244 2569 417 2652 corrumpit
441 2575 538 2652 atque
554 2569 683 2653 insuper
698 2589 810 2651 parum
827 2569 992 2651 eleganter
1008 2590 1079 2634 oum
1103 2571 1302 2652 διασχισθεὶς

128 2671 331 2754 coniungitur
362 2671 543 2754 διέτμαξεν.
599 2670 717 2736 Contra
748 2670 787 2735 cf.
810 2671 936 2735 Homer.
981 2671 1017 2735 ll.
1040 2671 1118 2752 XII,
1141 2672 1213 2736 lor.
1258 2671 1302 2737 m.

128 2774 225 2839 etiam
249 2773 387 2837 Meinek.
410 2773 429 2836 l.
452 2773 472 2836 l.
494 2793 524 2856 p.
540 2775 610 2837 265.
662 2772 810 2838 Ceterum
841 2794 912 2837 cum
942 2772 1109 2837 videamus
1141 2778 1302 2839 auctorem

127 2877 239 2942 horum
262 2894 409 2940 versuum
433 2896 504 2940 cum
526 2874 632 2940 studio
656 2881 688 2939 et
711 2896 808 2958 opera
831 2881 972 2939 utentem
989 2875 1095 2940 verbis
1110 2878 1303 2959 compositio,

128 3000 260 3063 quorum
290 2979 362 3045 loco
384 2979 575 3044 Theocritus
606 2979 792 3062 plerumque
821 2979 959 3061 simplex
989 2979 1079 3062 ponit
1109 2978 1162 3061 (cf.
1185 2979 1303 3043 ἐσιδεῖν

127 3102 184 3167 pro
207 3077 379 3147 θάσασθαι
408 3119 450 3127 -
480 3087 679 3146 καταθεῖναι
708 3119 751 3126 -
780 3081 936 3161 συνέπαξ’
965 3119 1007 3128 -
1038 3082 1242 3164 διασχισθείς
1264 3121 1301 3128 -

129 3184 300 3268 διέτμαξεν
316 3222 357 3230 -
379 3183 476 3248 infra:
499 3182 686 3248 ἐπακοῦσαι
705 3221 747 3230 -
770 3174 1040 3268 ὑπελάμβανε-
1060 3183 1174 3267 ὲξᾶρχε
1198 3206 1226 3249 v.
1243 3183 1303 3269 62),

127 3287 183 3352 ille
204 3307 277 3351 mea
299 3285 429 3369 quidem
452 3287 600 3369 opinione
628 3284 672 3350 ad
698 3287 819 3350 nullam
849 3287 947 3351 aliam
969 3307 1035 3350 rem
1059 3286 1189 3351 calere
1213 3287 1303 3353 adhi-

128 3389 206 3470 buit,
229 3389 290 3453 nisi
313 3388 356 3453 ad
379 3388 565 3454 efficiendos
580 3408 727 3454 versuum
743 3409 898 3470 numeros,
920 3389 1101 3472 ubicunque
1117 3410 1188 3454 eum
1207 3391 1304 3481 verba

129 3492 295 3558 commoda
317 3491 513 3574 defecerunt,
536 3497 571 3556 ut
594 3498 651 3574 est,
674 3493 707 3556 ni
729 3493 878 3574 fallimur,
901 3494 932 3556 in
955 3513 1049 3558 versu
1072 3495 1121 3558 24.

213 3595 302 3660 Haec
325 3593 454 3677 quidem
479 3602 511 3660 et
534 3596 614 3659 talia
636 3615 739 3678 paene
761 3596 914 3660 minutius
928 3600 1069 3660 tractata
1084 3596 1225 3679 cuipiam
1242 3597 1304 3662 for·

128 3700 214 3763 tasse
237 3695 439 3778 videbuntur,
469 3706 575 3761 tamen
605 3696 807 3782 respicienda
837 3702 869 3762 et
897 3697 1070 3782 pendenda
1092 3703 1175 3780 sunt,
1207 3705 1251 3781 ut,
1278 3700 1304 3765 si

128 3798 196 3863 fieri
212 3799 322 3884 possit,
337 3820 399 3882 quo
414 3804 509 3884 pacto
526 3801 581 3864 ille
597 3805 716 3880 auctor,
731 3800 847 3883 quibus
863 3801 1016 3881 artificiis,
1033 3800 1149 3883 quibus
1164 3803 1303 3884 auxiliis,

129 3921 193 3984 qua
216 3922 313 3986 opera
336 3922 447 3968 versus
469 3908 633 3986 tamquam
656 3903 833 3968 fabricatus
856 3904 906 3985 sit,
929 3905 1056 3987 penitus
1079 3923 1256 3970 noscamus.

214 4025 284 4106 Age
307 4023 370 4087 iam
394 4044 487 4106 porro
510 4024 709 4089 conferamus
733 4024 773 4107 (v.
797 4024 849 4109 25)
881 4014 965 4088 ἀλλὰ
994 4025 1045 4100 τίς
1075 4016 1158 4108 ἄμμε
1186 4038 1303 4110 aprum

130 4144 200 4190 oum
224 4123 278 4209 (id.
303 4125 339 4206 V,
361 4126 414 4210 61)
440 4117 523 4189 ἀλλὰ
545 4128 595 4202 τίς
619 4119 701 4209 ἄμμε
724 4127 774 4202 εἰς
797 4139 914 4208 κρινεῑ;
946 4128 1090 4204 Quonam
1117 4127 1183 4192 alio
1210 4127 1303 4193 modo

129 4228 210 4292 velis
232 4228 394 4311 explicare
415 4230 498 4294 hunc
514 4236 658 4314 apertum
675 4249 860 4294 consensum
876 4231 1043 4294 verborum
1059 4231 1303 4314 sententiaeque

130 4331 209 4396 satis
241 4331 414 4415 peculiaris
448 4331 509 4395 nisi
543 4353 584 4396 ex
617 4332 796 4396 imitatione
830 4332 971 4397 factam?
1015 4331 1227 4414 Ribbeokius‚
1257 4333 1303 4397 vir
