2866 4822
1198 253 1239 318 29

56 424 227 490 Scholia:
259 426 308 499 τίς
336 415 443 501 ἆθλος
466 425 546 508 ἡμῖν
569 415 708 509 ἀρκέσει,
732 423 787 487 καὶ
809 423 886 488 τίνα
908 418 1162 508 καταθήσομει’;
1192 424 1239 490 Gi.

57 527 161 592 etiam
184 527 221 592 ll.
236 528 276 608 X,
289 528 365 592 304:
388 525 508 610 μισθὸς
532 527 567 591 δὲ
591 525 622 591 oi
647 521 762 609 ἄρκιος
786 523 885 592 ἔσται.

148 649 200 712 Ex
222 648 409 712 multiformi
432 667 543 713 versus
566 648 724 731 scriptura
747 647 806 713 hoc
828 648 942 727 elucet,
966 645 1044 729 qnid
1065 667 1175 711 verum
1198 648 1241 712 sit

57 761 93 815 et
124 750 307 836 probabile,
336 751 469 815 inventu
499 749 633 815 difficile
662 768 748 831 esse,
780 750 841 815 nisi
870 749 952 814 forte
982 770 1053 813 eam
1080 750 1166 814 viam
1193 750 1240 813 iu·

56 854 203 937 gressuri
226 872 349 933 sumus,
372 872 467 935 quam
491 853 653 917 veteribus
676 852 853 917 editoribus
876 850 986 935 (atque
1009 853 1106 916 etiam
1129 872 1239 916 recen-

56 955 199 1020 tioribus
229 954 419 1038 quibusdam
451 956 582 1037 criticis)
593 953 615 1039 ¹)
649 955 691 1019 ad
722 953 945 1037 corrigendum
974 955 1069 1019 libuit
1099 954 1239 1037 ingredi3

57 1080 136 1123 nam
165 1059 198 1122 in
225 1057 421 1123 editionibus
447 1058 587 1138 illorum,
614 1059 696 1121 Iunt.
717 1057 865 1140 Oallierg.
888 1058 1029 1139 itemque
1051 1058 1083 1120 in
1106 1058 1240 1139 vulgata

58 1166 94 1226 et
125 1161 273 1226 similiter
302 1161 334 1224 in
364 1158 492 1225 Mediol.
516 1166 548 1224 et
571 1160 678 1224 Aldin.
700 1179 811 1225 versus
842 1159 1014 1224 exhibetur
1043 1159 1146 1224 forma
1175 1161 1240 1224 iam

57 1284 125 1328 non
144 1265 192 1327 ita
206 1284 320 1328 manca
339 1267 395 1327 ant
411 1268 568 1346 suspecta,
591 1267 625 1326 at
647 1267 754 1326 tamen
778 1267 937 1328 correctus
960 1263 1059 1327 nimia
1082 1283 1152 1327 cum
1168 1262 1241 1326 libi-

59 1366 137 1431 dine
167 1385 296 1450 prorsus
325 1366 483 1450 neglectis
513 1366 659 1431 codicum
686 1366 893 1448 scripturisl)
937 1366 996 1430 His
1018 1371 1126 1430 autem
1149 1365 1241 1431 nobis

58 1469 192 1554 paulum
220 1466 451 1534 immorandum
476 1473 533 1533 est.
578 1468 777 1533 Conveniunt
803 1469 910 1551 igitur,
933 1473 968 1532 ut
990 1468 1144 1549 videmus,
1166 1468 1240 1532 libri

58 1571 275 1637 vetustissimi
297 1575 330 1634 et
352 1571 464 1654 optimi
487 1571 520 1634 in
542 1571 644 1654 primo
668 1577 700 1635 et
723 1576 865 1636 extremo
881 1590 988 1652 versu,
1011 1591 1081 1636 cnm
1096 1570 1241 1636 tradunt:

267 1708 323 1770 καὶ
346 1709 422 1771 ’τίνα
445 1746 470 1753 -
492 1749 517 1770 υ
534 1747 560 1770 υ
582 1746 607 1753 -
628 1746 654 1770 υ
671 1747 697 1769 υ
721 1699 798 1791 ἁμῖν
823 1700 937 1791 ἄρκιος
959 1707 1024 1791 eim

59 1845 120 1928 (cf.
143 1844 278 1909 eundem
302 1863 413 1910 versus
436 1845 557 1909 exitum
581 1846 612 1909 in
636 1844 678 1909 id.
694 1845 796 1926 XXV,
810 1844 898 1929 190),
928 1844 1112 1928 discrepant
1133 1850 1240 1910 tamen

58 1947 94 2010 in
118 1945 241 2028 medio,
267 1946 322 2009 ubi
346 1945 409 2010 duo
433 1946 533 2030 pedes
556 1946 663 2012 verbis
686 1946 839 2030 explendi
862 1951 947 2028 sunt,
975 1945 1060 2029 quod
1084 1946 1240 2030 quomodo

57 2050 93 2113 in
125 2049 217 2114 libris
246 2049 366 2114 factum
397 2050 452 2130 sit,
482 2047 720 2115 considerantes
750 2050 869 2114 nullam
899 2050 1068 2116 lectionem
1091 2051 1240 2115 vitiorum

59 2155 228 2235 expertem
252 2170 321 2216 esse
343 2152 569 2236 intellegimus.
613 2152 696 2217 Sane
719 2173 797 2236 prae
819 2153 859 2218 iis
881 2153 1082 2234 lectionibus,
1105 2155 1241 2237 quaein

59 2253 227 2320 codicibus
250 2254 460 2319 Ambrosiano
484 2253 540 2339 (k),
563 2255 720 2320 Vaticano
742 2253 796 2339 (m)
819 2261 852 2319 et
874 2256 907 2319 in
929 2255 1011 2320 libro
1033 2255 1178 2321 Mediceo
1195 2256 1240 2339 (p)

58 2360 193 2421 exstant
226 2356 405 2439 quibusque
439 2356 532 2421 illata
565 2362 638 2422 sunt
671 2357 890 2421 intolerabilia
923 2358 1004 2421 vitia
1033 2378 1241 2439 numerorum,

59 2458 179 2523 melius
201 2463 250 2523 est
273 2458 358 2541 quod
381 2459 500 2542 legitur
523 2459 554 2523 in
578 2459 680 2523 altero
702 2459 847 2524 Mediceo
871 2459 925 2543 (s),
955 2464 990 2523 ut
1012 2465 1175 2544 receptum
1199 2461 1241 2525 sit

58 2561 94 2626 in
126 2565 271 2626 recentes
302 2560 469 2626 editiones.
513 2563 713 2627 Hermannus
738 2561 821 2646 (ll.)
853 2582 978 2645 quoque
1009 2582 1135 2628 versum
1166 2563 1240 2629 olim

59 2665 111 2729 ita
133 2663 285 2747 scriptum
308 2663 408 2730 fuisse
432 2671 549 2746 censet,
572 2670 607 2729 ut
629 2665 662 2728 in
678 2664 777 2730 cod.s
799 2665 947 2730 traditur.
970 2664 1036 2730 Sed
1053 2657 1131 2743 ὅτις,
1155 2665 1240 2748 quod

59 2787 120 2850 pro
143 2761 235 2842 ὅστις
257 2768 303 2832 ibi
323 2767 451 2850 legitur,
475 2768 624 2850 quoniam
639 2768 671 2831 in
688 2768 853 2833 Theocriti
868 2768 1013 2850 reliquiis
1029 2768 1241 2833 demonstrari

60 2890 125 2935 non
147 2874 267 2952 potest,
297 2875 386 2935 caret
408 2870 492 2934 omni
514 2870 587 2935 fide.
631 2870 678 2936 Of.
702 2857 794 2947 ὅστις
815 2871 849 2934 in
871 2871 1018 2954 genuinis
1040 2870 1120 2935 idd.:
1142 2871 1179 2952 V,
1191 2872 1240 2935 28.

60 2974 118 3051 67;
141 2973 277 3055 VIl,45;
299 2974 373 3055 XII,
385 2974 440 3054 34;
462 2974 549 3055 XVI,
562 2975 603 3038 64
626 2974 671 3057 (in
691 2974 777 3057 pk,
800 2973 865 3038 sed.
881 2972 974 3058 va1·.);
996 2975 1028 3037 in
1052 2973 1159 3039 dubiis
1183 2994 1241 3041 cc:

60 3076 170 3158 XXII,
183 3077 237 3154 54;
258 3077 361 3159 XXV,
373 3079 428 3155 483
451 3076 572 3141 formae
595 3076 636 3141 ab
661 3070 751 3152 ὅστις
775 3074 941 3141 derivatae
963 3076 1114 3159 leguntur
1136 3077 1168 3140 in
1185 3097 1241 3141 cc:

60 3179 185 3259 XIII,2
209 3168 344 3263 (ᾧτινι);
366 3179 454 3260 XlV,
467 3181 507 3244 19
532 3166 693 3263 (deincep
715 3178 802 3260 XVI,
814 3180 854 3243 68
878 3167 986 3262 (ᾧτινι
1009 3179 1041 3242 in
1063 3199 1093 3262 p.
1116 3180 1160 3260 k,
1183 3177 1242 3244 sed

61 3280 155 3363 var.);
178 3319 220 3327 -
242 3281 344 3362 XXV,
357 3283 397 3346 35
414 3269 587 3365 (οὗτινος),
609 3282 671 3346 219
688 3274 841 3365 (ὅντινα).
886 3283 999 3346 Restat
1014 3281 1057 3345 id.
1072 3282 1178 3363 XXX,
1190 3283 1241 3362 25,

60 3382 118 3449 ubi
148 3374 218 3459 ὅτις
248 3384 301 3448 vel
332 3377 422 3459 ὄττις
444 3384 569 3449 aeolica
591 3383 693 3448 forma
716 3388 778 3465 est,
809 3389 841 3448 et
863 3385 970 3465 XXII,
982 3385 1036 3449 68:
1063 3375 1133 3468 ὅτῳ
1155 3382 1241 3467 quod

61 3485 206 3569 alioquin
238 3486 416 3552 exhibitum
444 3507 501 3572 pro
525 3474 629 3571 ᾧτινι,
660 3487 849 3570 praesertim
872 3507 943 3551 cnm
966 3486 1093 3570 legatur
1115 3487 1147 3550 in
1171 3507 1240 3551 car-

60 3589 148 3653 mine
172 3588 270 3654 dubio
286 3593 319 3654 et
334 3590 434 3673 epico,
456 3589 537 3653 nihil
552 3591 692 3673 pertinet
708 3588 750 3653 ad
766 3589 873 3673 rem.3)
897 3626 938 3634 —
961 3590 1125 3654 Theocriti
1142 3589 1241 3672 igitur

60 3691 327 3757 consuetudinem
343 3691 472 3757 dicendi
488 3693 515 3757 si
531 3693 748 3776 respiciamus,
765 3685 863 3769 ὅστις,
879 3712 941 3757 non
954 3682 1024 3768 ὅτις
1039 3691 1240 3757 scribendum

60 3794 138 3875 fuit,
172 3814 236 3877 qna
271 3815 306 3859 re
339 3794 478 3878 suspicio
515 3794 607 3859 nobis
644 3798 796 3859 movetur.
855 3794 1040 3877 Suspectior
1074 3795 1172 3859 etiam
1205 3793 1241 3858 fit

60 3916 184 3978 versus,
206 3917 278 3962 cum
300 3897 366 3961 alia
388 3902 421 3961 et
443 3917 505 3962 non
527 3897 614 3961 levia
636 3904 764 3981 praeter
783 3896 864 3960 illud
881 3896 1058 3979 depravent
1072 3897 1241 3962 lectionem

151 4102 171 4170 ¹)
190 4100 325 4155 Pullalant
343 4101 368 4155 h.
387 4119 412 4156 v.
432 4101 603 4156 coniecturae
621 4116 769 4171 perversae
782 4106 810 4155 et
821 4101 1026 4170 probabiliores,
1044 4099 1133 4155 bonae
1151 4103 1241 4153 tamen

60 4185 162 4241 nullae.
198 4185 238 4240 Of.
256 4187 386 4241 ibitusch.
405 4187 440 4241 ad
458 4187 483 4242 h.
502 4205 527 4241 v.
547 4218 580 4225 -

150 4273 172 4341 2)
192 4271 234 4328 Of.
252 4271 285 4327 G.
304 4273 448 4327 Hermann.
468 4288 564 4341 opusc.
584 4273 618 4340 V,
637 4289 663 4341 p.
677 4277 717 4327 82.
736 4303 768 4310 -

148 4358 172 4428 ⁸)
191 4356 233 4413 cf.
251 4359 364 4413 Kiihner
380 4357 398 4412 l.
410 4357 428 4413 l.
446 4357 462 4428 ξ
477 4363 533 4428 176,
548 4363 571 4412 3.
