2866 4822
204 253 244 316 82

204 427 364 487 extremos
379 422 562 489 recitandos
577 427 740 506 tamquam
756 421 900 508 ἐπῳδόν,
923 428 1021 507 atque
1037 425 1076 506 ei,
1096 447 1168 491 cum
1187 427 1235 490 ita
1251 428 1386 511 faceret,

203 526 353 609 exempla
384 526 521 592 fortasse
555 547 626 591 cum
663 527 798 592 aliorum
834 533 1001 610 poetarum
1038 533 1105 592 tum
1138 527 1273 594 Pindari
1308 536 1384 595 ante

203 628 311 693 oculos
334 629 506 694 obversata
528 633 610 694 sunt.
655 629 796 712 Singulis
818 629 917 712 igitur
939 630 1085 714 partibus
1113 631 1174 696 hoc
1197 631 1294 697 modo
1318 634 1384 698 col-

202 730 313 814 ligatis
335 730 391 796 ille
413 732 476 797 sibi
498 732 585 796 visus
613 736 662 797 est
684 732 855 797 Theocrito
883 731 1012 797 dedisse
1039 753 1154 798 novum
1182 734 1382 801 absolutum-

203 853 265 916 que
294 833 456 917 idyllium,
490 834 547 899 sed
577 853 634 899 nos
663 833 793 917 quidem
823 835 892 899 iure
922 835 1073 899 miramur
1103 835 1189 900 idem
1223 841 1292 902 tam
1327 838 1381 905 diu

203 935 306 1000 videri
328 937 472 1020 potuisse
494 935 580 1019 quod
602 958 664 1001 non
688 941 744 1001 est.

287 1041 356 1103 Iam
378 1059 472 1123 porro
495 1039 723 1122 quaerentibus
746 1039 846 1120 nobie,
868 1044 974 1104 utrum
997 1040 1161 1106 Theocriti
1185 1041 1251 1106 sint
1273 1063 1325 1108 vv.
1341 1045 1378 1106 28

203 1162 270 1224 sqq.
300 1162 412 1223 necne,
442 1141 623 1225 negandum
655 1146 717 1223 est,
747 1142 824 1224 quia
853 1143 1017 1226 complura
1038 1142 1304 1208 manifestissime
1326 1146 1377 1210 ab·

202 1245 333 1309 horrent
354 1265 375 1308 a
396 1251 511 1328 poetae
534 1245 728 1329 Syracusani
752 1245 907 1310 oratione:
934 1267 963 1310 v.
982 1247 1023 1310 28
1051 1238 1152 1329 ᾠδάν,
1182 1267 1212 1310 v.
1233 1248 1274 1311 29
1299 1248 1378 1312 ποτέ

202 1367 259 1432 pro
281 1344 382 1425 ποκά,
406 1347 545 1412 κείνοισι
567 1368 623 1431 pro
646 1371 686 1431 τι
690 1367 786 1431 νοιοι
808 1345 937 1430 παρών,
963 1369 992 1413 v.
1012 1347 1089 1412 32’'
1076 1371 1187 1434 ιρηκες
1210 1369 1269 1433 pro
1297 1347 1376 1433 ἱέρα-

202 1449 445 1533 xs31),irterum
468 1440 869 1534 qddd.Licent't1aautem
899 1449 1041 1531 dicendi,
1071 1471 1154 1533 quae
1184 1453 1375 1536 conspicitur

202 1553 234 1616 in
257 1553 495 1636 comparativae
518 1553 670 1618 orationis
693 1557 861 1634 structura,
883 1574 945 1617 non
969 1552 1134 1619 dissimilis
1158 1560 1208 1619 est
1231 1556 1262 1620 ei
1286 1576 1373 1638 quam

202 1657 234 1719 in
267 1677 296 1721 v.
323 1657 364 1720 20
398 1655 667 1740 reprehendimus
722 1655 829 1738 Atque
862 1655 966 1739 figura
998 1657 1169 1721 verborum
1202 1679 1254 1722 vv.
1282 1660 1372 1739 31132

202 1758 311 1824 efficta
276 1763 447 1823 tmonet
475 1778 597 1824 nos—
620 1757 751 1841 dignum
781 1759 864 1822 enim
894 1763 943 1823 est
972 1764 1149 1823 memoratu
1172 1758 1281 1824 -de
1304 1761 1372 1844 Epi·

202 1861 323 1926 charmi
346 1861 534 1945 fragmento,
557 1859 642 1943 quod
665 1881 709 1924 nr.
725 1862 763 1925 97
789 1860 875 1944 apud
899 1861 1091 1926 Ahrensium
1115 1860 1168 1942 (de
1191 1861 1270 1927 dial.
1292 1861 1371 1944 Dor.)

202 1965 338 2048 legimus
360 1965 422 2029 hac
445 1964 560 2028 forma:

306 2095 509 2185 Θαυμαστὸν
530 2092 631 2165 οὐδὲν
652 2091 713 2184 ἁμὲ
735 2091 837 2165 ταῦθ’
853 2093 946 2165 οὑτοι
968 2101 1075 2184 λέγειν

304 2205 360 2268 καὶ
384 2194 542 2268 ἁνδάνειν
564 2195 694 2268 adsolet
718 2195 841 2279 αὐτοὺς
864 2204 919 2267 καὶ
943 2203 1058 2268 δοκεῖν

304 2309 417 2383 καλῶς
437 2302 602 2386 πεφύκειν
619 2356 625 2370 .
642 2307 698 2370 καὶ
721 2302 783 2389 γὰρ
807 2305 828 2372 ἁ
849 2302 943 2371 κυοὸν
966 2307 1043 2371 κυνί

304 2406 491 2474 κάλλιστον
513 2403 603 2492 εἰμεν
625 2408 779 2489 φαίνεται
801 2410 855 2472 καὶ
880 2411 962 2488 βοῦς
984 2408 1048 2488 βοΐ,

304 2506 383 2590 ὄνος
406 2503 435 2577 δ’
451 2506 521 2596 ὄνῳ
544 2500 727 2576 κάλλιστόν
750 2509 875 2597 (ἐστιν),
898 2499 936 2588 ὗς
960 2502 988 2575 δ’
1003 2501 1048 2577 dl.

203 2649 251 2717 df.
273 2650 372 2715 etiam
395 2649 591 2714 consimilem
614 2647 744 2714 dicendi
765 2648 920 2713 rationem
944 2647 1214 2730 111111179180.

287 2771 370 2834 Tum
391 2768 607 2833 memorabilis
631 2774 680 2834 est
666 2767 819 2833 tsimilit
820 2766 883 2832 udo
913 2767 1073 2851 quaedam
1103 2788 1187 2850 quae
1210 2768 1287 2834 huic
1309 2768 1371 2833 loco

201 2878 252 2939 est
273 2893 346 2939 cum
367 2872 547 2954 fragmento
514 2871 690 2935 tBioneo
714 2869 873 2954 (XIV)et
895 2875 966 2935 sent
968 2892 1006 2935 en
1008 2871 1054 2934 tia
1077 2875 1111 2935 et
1132 2870 1230 2936 loeut'
1207 2875 1307 2936 troue:

303 3003 471 3085 Μοιοας”
456 3030 539 3092 ερως
561 3007 684 3086 καλέοι,
705 3031 747 3091 po
751 3021 819 3072 ῖοαι
840 3004 903 3072 τὸν
924 3005 1034 3091 ἔρωτα
1058 3007 1204 3092 φέροιεν.

303 3106 439 3195 μολπὰν
461 3110 515 3174 τοὶ
537 3110 649 3193 polodi
670 3133 727 3194 μοι
750 3101 799 3173 ἀεὶ
822 3110 990 3174 ποιέοντι
1013 3108 1150 3188 διδοῖεν,

302 3210 366 3278 τὰν
387 3205 553 3297 γλοκεράν
574 3208 722 3295 μολπάν,
743 3215 804 3289 τᾶς
826 3208 1004 3296 φάρμακον
1029 3203 1123 3275 ἅδιον
1147 3204 1260 3277 οὐδέν.

287 3351 433 3432 Denique
456 3354 600 3413 extrema
623 3350 783 3414 sententia
805 3340 865 3426 οὓς
886 3343 947 3433 γὰρ
971 3339 1107 3433 ὁρεῦντι
1130 3352 1212 3425 κτλ,
1243 3370 1284 3413 ne
1307 3347 1372 3431 quis

203 3455 284 3520 sorte
307 3453 481 3520 contendat
504 3474 574 3517 eam
602 3452 644 3518 ad
670 3454 827 3518 neminem
855 3453 968 3517 referri
995 3472 1088 3536 posse
1114 3452 1176 3517 nisi
1204 3451 1247 3516 ad
1271 3453 1373 3517 Theo·

203 3560 324 3639 critum,
347 3557 498 3640 quoniam
520 3561 635 3640 poetae
655 3561 721 3620 tam
740 3557 877 3621 libenter
893 3558 1054 3620 Musarum
1074 3553 1187 3620 afflatu
1208 3556 1373 3621 instinctu·

203 3682 264 3743 que
297 3660 406 3724 divino
440 3659 573 3743 gloriari
606 3658 722 3741 solent,
755 3664 791 3723 ιιι
823 3658 1040 3723 ιιιιι1ι11ιιιίοιιι
1064 3657 1240 3740 multisque
1274 3657 1373 3723 modis

202 3765 359 3829 variatam
382 3763 470 3827 illam
494 3763 555 3827 sibi
579 3762 738 3827 asciscant
760 3763 792 3825 in
816 3762 1022 3841 carminibus,
1048 3781 1152 3845 paene
1178 3761 1211 3824 in
1239 3780 1374 3826 commu·

201 3887 273 3930 nem
296 3869 460 3948 poetarum
484 3862 746 3928 consuetudinem
769 3864 848 3947 ipsis
870 3863 1012 3946 antiquis
1034 3861 1233 3947 temporibus
1249 3861 1374 3945 venit'l).

201 3969 314 4032 Potest
335 3967 433 4049 igitur
456 3965 590 4030 aBione
613 3971 670 4030 aut
685 3967 813 4031 Moscho
836 3972 893 4030 aut
915 3965 957 4029 ab
980 3965 1043 4030 alio
1066 3985 1127 4030 non
1150 3964 1256 4029 minus
1279 3963 1371 4030 facile

201 4070 346 4155 profecta
368 4088 438 4134 esse
461 4088 557 4152 quam
579 4090 599 4133 a
622 4070 801 4135 Theocrito.

287 4259 308 4326 ¹)
327 4256 367 4311 cf.
386 4256 504 4310 Ktihner.
523 4256 570 4310 1.1.
589 4256 610 4325 I,
629 4256 645 4326 ὅ
659 4262 690 4310 50
707 4273 733 4324 p.
747 4261 804 4324 208,
818 4260 875 4310 211.
888 4287 921 4296 -
933 4255 1086 4324 Epicharin.
1098 4253 1236 4324 fremit:
1256 4247 1373 4326 ιαράκες.

286 4343 308 4413 ²)
326 4341 366 4397 ss.
386 4341 489 4396 Gallim.
509 4342 592 4411 epigr.
607 4346 647 4395 21.
665 4372 697 4380 -
716 4342 827 4397 Hesiod.
841 4342 945 4412 Theog.
961 4346 1000 4397 82.
1018 4371 1052 4380 -
1070 4340 1137 4396 Hor.
1148 4339 1239 4397 Ouum.
1252 4339 1300 4415 lv,
1313 4345 1335 4396 3.
