2866 4822
128 214 167 276 22

127 383 257 463 iudicet,
280 386 500 465 argumentum
524 383 746 465 gravissimum
771 384 857 447 cerni
873 382 950 464 vult,
972 382 1058 465 quod
1074 403 1189 467 parum
1206 385 1303 448 multa

128 487 196 551 eius
226 486 349 550 formae
378 486 527 568 exempla
557 484 643 569 apud
666 485 871 551 Theocritum
903 490 1045 567 exstant,
1074 507 1189 552 vereor
1214 487 1302 571 quid·

128 608 224 670 quam
245 607 303 672 pro
326 591 413 652 certo
436 592 586 652 statuere.
1254 573 1256 577 ¹

212 691 281 754 lam
303 709 378 754 vero
401 690 501 754 verba
522 692 650 772 πρᾶτος
673 682 702 752 δ’
718 675 766 753 ὧν
787 690 867 754 ποτὶ
884 687 1013 770 Δάφνιν
1036 687 1118 754 ἰδών
1141 691 1302 757 minusad

128 792 320 858 sententiam
340 792 519 874 graviorem
540 791 781 875 exprimendam
797 813 892 875 quam
909 792 952 857 ad
968 792 1162 877 explendum
1178 815 1302 860 versum

128 895 248 978 scripta
279 893 428 959 videntur
458 899 555 976 atque
585 894 699 959 mirum
729 899 791 976 est,
821 894 906 978 quod
929 896 1089 979 particula
1111 882 1162 960 civ
1185 898 1253 962 iam
1274 899 1302 961 in

128 1018 156 1062 v.
174 999 212 1062 11
236 997 400 1081 repetitur,
423 1003 455 1060 et
478 996 563 1079 quod
586 997 617 1060 in
640 1019 669 1062 v.
685 998 742 1061 30:

463 1117 592 1196 πρᾶτος
615 1113 643 1180 d'
659 1108 714 1179 ὧν
736 1108 823 1180 ἄειδε
847 1112 967 1199 λαχών

231 1224 264 1283 et
287 1219 319 1281 in
342 1239 369 1282 v.
386 1219 439 1282 61:
461 1219 568 1281 ταῦτα
590 1218 651 1300 μὲν
674 1211 723 1281 ὧν
746 1212 787 1281 δι’
809 1209 996 1301 ἀμοιβαίων

128 1359 190 1403 non
219 1337 313 1403 modo
337 1337 450 1403 eadem
473 1339 632 1422 particula
655 1338 735 1403 satis
757 1358 1008 1422 supervacanea,
1030 1360 1142 1404 verum
1165 1341 1199 1405 in
1224 1362 1253 1407 v.
1268 1345 1303 1407 30

129 1441 225 1506 etiam
249 1441 334 1505 idem
357 1442 483 1505 initium
503 1443 649 1506 versus5
674 1444 801 1523 πρᾶτος
825 1434 853 1505 o’
869 1434 918 1505 ὠν
942 1462 1049 1507 rursus
1065 1444 1190 1508 occurit
1205 1445 1303 1527 qnod·

129 1565 191 1628 que
213 1545 342 1628 insuper
364 1544 466 1608 tribus
489 1544 539 1608 his
559 1544 639 1609 locis
654 1543 690 1606 fit
705 1547 876 1609 concentus
892 1544 1037 1628 syllabae
1053 1568 1103 1608 ων
1118 1547 1304 1612 molestissi-

129 1667 212 1729 mus,
243 1668 263 1711 a
290 1667 353 1729 qua
379 1668 413 1710 re
435 1647 543 1710 aliena
566 1651 615 1710 est
637 1646 739 1710 oratio
762 1647 890 1730 postica
912 1646 1114 1712 Graecorum.
1161 1649 1254 1727 Quae
1275 1651 1304 1714 in

129 1749 338 1834 componendi
370 1749 494 1813 ratione
524 1749 653 1813 inficeta
680 1754 781 1813 artem
805 1754 920 1833 poetae
950 1770 1054 1832 aeque
1083 1749 1304 1817 desideramus

129 1857 227 1935 atque
250 1853 281 1915 in
305 1851 470 1934 anaphora
491 1873 541 1914 vv,
557 1852 613 1930 3s4
635 1852 791 1932 instituta,
814 1872 885 1917 cum
908 1872 970 1916 non
992 1856 1058 1916 tam
1075 1845 1176 1935 ἄμφω
1193 1861 1304 1937 quater

128 1956 267 2040 positum
297 1975 391 2038 quam
420 1953 503 2018 illnd
529 1955 640 2019 exiens
663 1979 690 2017 co
713 1955 833 2038 septies
856 1955 1027 2038 repetitum
1050 1956 1218 2022 Theocriti
1242 1959 1304 2023 elo-

131 2058 249 2123 cutioni
272 2057 461 2140 refragetur.
484 2094 526 2102 -

215 2161 349 2225 Matrica
379 2158 517 2242 denique
544 2160 669 2224 ratione
691 2159 799 2225 hiatus
822 2180 1014 2244 quamquam
1037 2162 1156 2244 singuli
1179 2163 1304 2247 legibus

130 2263 271 2328 metricis
293 2261 498 2346 respondent,
524 2268 629 2326 tamen
653 2264 701 2327 ita
723 2269 758 2327 ut
780 2264 841 2328 hoc
863 2263 933 2328 loco
957 2264 1110 2328 cumulati
1133 2264 1306 2350 displicent

131 2386 233 2448 neque
255 2366 365 2431 levant
387 2365 606 2448 suspicionem.
616 2366 638 2451 ¹)

215 2470 285 2532 lam
326 2473 524 2532 transeamus
566 2467 608 2532 ad
648 2467 849 2534 tractandam
887 2491 958 2534 eam
995 2471 1145 2535 carminis
1183 2477 1305 2555 partem

132 2571 194 2655 (vv.
211 2570 341 2655 6-32)‚
375 2591 439 2653 qua
468 2574 631 2653 tamquam
661 2569 841 2654 proluditur
871 2571 913 2637 ad
945 2573 1103 2638 canticum
1134 2575 1306 2657 pastorale.

132 2674 295 2739 Menalcas
317 2674 416 2756 igitur
439 2673 609 2756 compellat
632 2674 795 2757 Daphnim
817 2675 863 2740 sic
887 2675 927 2760 (u.
944 2677 989 2759 dl:

284 2795 438 2877 μυκητᾶν
460 2792 596 2873 doiorum
618 2795 712 2871 βοῶν
735 2789 851 2874 Δάφνι,
874 2796 930 2876 λῇς
952 2818 1008 2878 μοι
1033 2786 1154 2872 cislout;

134 2919 166 2979 et
188 2915 241 2979 hic
264 2913 354 2977 illum
378 2912 475 2977 simili
497 2911 590 2976 modo
614 2911 655 2996 (v.
670 2914 716 2996 9):

285 3025 410 3118 ποιμήν
433 3027 626 3125 εἰρρπόκων
649 3022 742 3111 ὀίων,
766 3029 929 3117 συριγκτά
950 3031 1121 3112 Μενάλκα,

132 3153 280 3219 addimus
303 3174 331 3218 v.
349 3155 381 3218 8:

284 3267 347 3338 τὸν
369 3265 398 3337 d’
414 3266 479 3353 ἄρα
499 3261 549 3355 χώ
572 3266 696 3352 Δάφνις
719 3265 834 3356 τοιῷδ’
851 3253 1053 3354 ἄπαμεὶβενο
1077 3267 1189 3357 μύθῳ.

133 3395 212 3460 quos
241 3381 306 3441 tres
336 3395 447 3441 versus
478 3373 521 3439 ad
548 3375 809 3440 consuetudinem
831 3375 1033 3440 Homericam
1061 3375 1216 3441 formatos
1239 3397 1308 3442 esse

133 3485 276 3564 apparet.
320 3478 559 3560 of.11.v‚137;
582 3477 641 3543 od.
657 3479 710 3560 Vl,
722 3480 772 3543 et.
816 3479 916 3561 Atqui
931 3478 1146 3559 Theocritum,
1169 3479 1197 3544 si
1217 3479 1308 3545 festi·

133 3587 247 3647 nanter
278 3581 372 3647 modo
406 3582 475 3646 eius
508 3581 649 3646 carmina
682 3581 870 3665 perlegeris,
908 3582 1054 3664 quamvis
1086 3603 1148 3646 non
1181 3583 1308 3666 ignoret

134 3686 318 3768 Homerum,
349 3690 456 3750 tamen
486 3686 517 3748 in
550 3685 703 3750 bucolicis
732 3686 814 3750 tales
837 3686 1033 3751 imitationes
1055 3690 1193 3759 totorum
1217 3708 1308 3771 prae·

134 3789 243 3853 sertim
277 3809 424 3854 versuum
458 3807 587 3872 prorsus
621 3787 741 3871 fugisse
774 3792 871 3870 atque
905 3808 963 3852 sua
992 3789 1099 3872 potius
1129 3789 1308 3855 elocutione

134 3909 224 3955 usum
247 3909 317 3957 esse
339 3912 414 3956 mox
433 3891 630 3975 percipisse)
676 3892 745 3969 Quo
761 3890 896 3972 accedit,
918 3889 1004 3972 quod
1019 3911 1121 3974 paene
1137 3889 1307 3958 ridiculum

220 4063 240 4131 ¹)
259 4061 300 4116 of.
319 4061 432 4115 Carolus
450 4062 546 4115 Kunst.
571 4062 618 4116 ‘de
636 4060 751 4115 Theocr.
771 4076 852 4114 versu
870 4060 992 4114 heroieo’
1017 4060 1083 4114 diss.
1101 4060 1223 4116 Vindoh.
1245 4066 1308 4116 1886

135 4162 162 4213 p.
177 4150 232 4200 los.
269 4147 348 4200 Hunc
366 4147 465 4200 librum
482 4147 627 4216 perutilem
645 4146 795 4200 identidem
813 4146 840 4198 in
859 4147 1046 4214 quaestionem
1063 4160 1151 4199 meam
1169 4147 1264 4202 ascivi.
1277 4177 1309 4186 -

219 4233 241 4300 ⁹)
261 4231 301 4286 Of.
321 4247 461 4286 excursum
486 4232 524 4300 11,
551 4232 599 4286 ubi
625 4231 708 4300 paulo
735 4231 823 4285 fusius
851 4232 885 4285 de
909 4231 961 4283 Thi
988 4231 1140 4286 imitatione
1164 4232 1309 4287 Homerica

135 4316 258 4371 disserui.
