2866 4822
205 239 247 302 98

237 408 285 470 ra
307 404 350 471 ru.
372 407 444 488 vu,
461 408 534 471 129:

291 504 436 594 ξεινήιον
459 500 594 573 ὤπασεν
615 502 705 591 εἶμεν

310 627 600 708 mcssssffl:

294 727 379 793 δῶκε
402 726 550 812 ξεινήιον
572 724 667 793 εἶναι.

239 884 286 947 ra
309 881 351 947 nr.
373 882 448 964 xri,
465 884 518 947 11:

293 983 528 1069 ἐπεσσομένοις
551 984 587 1049 δὲ
609 985 791 1069 γενοίμεθα
812 986 915 1049 πᾶσιν
938 975 1037 1049 ἀοιδά

311 1105 350 1169 cf.
373 1124 400 1169 c.
424 1104 482 1170 Od.
506 1105 593 1186 VIII,
609 1106 671 1169 580
694 1104 743 1187 (ll.
761 1105 813 1186 VI,
829 1102 918 1189 358);

295 1204 350 1270 ἵνα
371 1199 423 1293 ᾖσι
447 1207 503 1270 καὶ
527 1206 732 1286 ἐσσομένοισι
755 1198 861 1289 ἀοιδή.

240 1360 288 1424 14.
310 1358 353 1425 ru.
375 1360 444 1442 xv,
461 1361 514 1425 ro:

294 1455 399 1526 λεπτὰ
422 1462 478 1525 καὶ
501 1451 546 1538 ὡς
567 1461 723 1544 χαρίεντα
740 1480 747 1493 ·
764 1463 858 1525 θεῶν
879 1457 1094 1545 περονάματοι
1118 1474 1257 1545 φραοιῑς

312 1580 626 1662 chKM:

296 1679 350 1750 οἶα
366 1681 482 1749 θεάων
493 1683 496 1769 l
509 1680 614 1748 λεπτά
629 1707 665 1748 τε
681 1684 735 1747 καὶ
750 1685 907 1767 χαρίεντα
922 1686 977 1748 καὶ
993 1678 1103 1767 α’γλοιὰ
1118 1681 1198 1768 ἔργα
1215 1686 1381 1750 πέλονται.

243 1840 290 1904 15.
313 1838 356 1903 ru.
378 1840 500 1920 xxix,
517 1840 569 1902 10:

299 1934 368 2005 ἀλλ’
392 1940 421 2005 εἴ
440 1941 498 2024 μοί
520 1965 552 2004 τι
574 1942 693 2005 πίθοιο

314 2062 353 2128 er.
377 2082 402 2127 c.
424 2062 461 2126 u.
483 2063 554 2142 vu,
570 2064 623 2127 aa:

299 2155 370 2229 ἀλλ’
386 2164 414 2228 εἰ
435 2165 492 2249 μοι’
513 2188 546 2228 τι
568 2165 698 2229 πίθοιο.

296 2319 355 2383 His
377 2316 559 2401 quindecim
583 2318 739 2401 exemplis
762 2339 844 2401 quae
867 2318 1060 2401 colliguntur
1087 2340 1127 2383 ex
1155 2318 1297 2385 sedecim
1320 2319 1379 2384 fere

212 2421 405 2487 carminibus
428 2421 571 2505 (r-vu,
591 2422 739 2501 X-XII,
758 2421 845 2502 XIV,
866 2421 936 2501 XV,
956 2422 1077 2502 XVIII,
1091 2422 1379 2503 XXVIII—XXX,

212 2523 408 2589 seiunximus
430 2528 537 2588 autem
561 2524 704 2588 consulto
728 2523 793 2588 idd.
815 2524 894 2588 VIII
916 2531 949 2587 et
970 2524 1019 2587 IX
1049 2527 1081 2588 et
1111 2525 1205 2607 epica
1232 2523 1378 2608 carmina)

212 2626 265 2693 vel
294 2647 335 2691 ex
364 2645 672 2703 uersuumnnumero
702 2626 774 2709 plus
804 2626 891 2691 mille
921 2630 954 2690 et
982 2631 1209 2708 trecentorum,
1239 2631 1277 2691 ut
1304 2628 1380 2691 inter

213 2733 364 2795 centenos
396 2747 507 2794 versus
540 2731 718 2813 reperiatur
751 2749 847 2793 unum
881 2728 948 2793 fere
981 2729 1171 2793 imitationis
1205 2730 1379 2814 exemplum

214 2830 352 2916 (1‚1⁰l0)‚
374 2835 407 2896 ct
429 2832 456 2896 si
479 2836 648 2915 praeterea
670 2830 884 2896 deliberamus
908 2851 962 2896 eos
984 2832 1070 2896 locos
1093 2837 1226 2915 aposita
1240 2832 1381 2898 memori·

212 2938 264 3000 ter
281 2938 461 3018 assumptos
481 2933 594 3016 videri,
613 2935 772 2998 sententia
791 2952 887 3018 supra
908 2934 1034 3016 prolata
1053 2934 1182 2998 minime
1202 2935 1381 2999 infirmatur.

298 3037 488 3102 Theocritus
510 3057 594 3118 vero,
619 3038 765 3119 quamvis
788 3036 965 3101 excoluerit
991 3037 1153 3119 ingenium
1180 3037 1224 3102 ad
1247 3038 1383 3102 carmina

213 3139 344 3204 Homeri
366 3143 399 3203 et
422 3140 490 3204 eius
513 3140 592 3203 artis
614 3139 711 3203 luerit
734 3139 865 3222 peritus,
892 3143 928 3203 ut
950 3140 1087 3222 optimus
1114 3139 1251 3222 quisque
1278 3144 1382 3224 poeita-

214 3262 283 3305 rum
305 3241 346 3305 ab
370 3243 490 3326 optimo
512 3246 621 3306 aetate
644 3242 705 3306 sibi
735 3240 947 3306 antecedente
973 3241 1113 3306 maxime
1143 3240 1269 3307 discere
1300 3243 1383 3322 solet,

214 3344 247 3408 in
269 3344 309 3409 iis
332 3363 414 3426 quae
437 3343 577 3408 diximus
599 3342 722 3428 idylliis
751 3343 832 3408 adeo
859 3364 920 3408 non
950 3345 1094 3408 imitatur
1124 3345 1382 3410 consuetudinem

214 3447 429 3527 Homericam,
456 3452 492 3510 ut
515 3451 625 3511 contra
648 3448 791 3511 oratione
813 3450 922 3510 utatur
945 3446 1046 3530 ipsius
1067 3447 1198 3530 propria
1206 3446 1243 3533 ¹),
1270 3452 1339 3529 aut,
1359 3445 1383 3510 si

215 3568 290 3613 vere
312 3549 456 3613 imitatur
478 3548 627 3631 aliquem,
649 3549 717 3614 eius
740 3549 876 3614 tortasse
896 3569 958 3631 quo
979 3549 1081 3613 eluxit
1096 3550 1224 3631 generis
1240 3549 1383 3634 exempla

216 3650 278 3715 sibi
299 3652 466 3736 proposuit
489 3650 706 3734 exprimenda,
728 3650 763 3715 id
786 3650 872 3733 quod
894 3672 965 3724 cum
987 3651 1051 3716 fide
1078 3652 1245 3736 opinamur
1268 3652 1310 3717 de
1331 3652 1382 3716 mi-

216 3753 307 3819 micis
329 3754 444 3818 saltem
467 3754 660 3819 carminibus
679 3755 713 3818 Il
733 3758 765 3818 et
784 3754 853 3818 XV.
892 3754 998 3831 Quare
1018 3755 1236 3832 Quintilianus
1259 3754 1382 3838 quidem

218 3853 269 3939 (X,
286 3858 313 3938 1,
329 3856 382 3940 55)
405 3857 473 3920 iure
495 3857 600 3941 potuit
623 3855 742 3922 dicere:
765 3855 987 3938 ,Admirabilis
1009 3857 1041 3920 in
1064 3877 1120 3922 suo
1143 3878 1262 3940 genere
1285 3858 1381 3922 Theo-

217 3959 330 4023 critus'
352 3959 492 4042 itemque
515 3959 676 4042 Longinus
699 3960 753 4042 qui
777 3959 877 4024 fertur
900 3964 1011 4024 auctor
1032 3960 1107 4024 libri
1130 3983 1165 4024 π.
1190 3953 1302 4043 ὕψους
1323 3979 1380 4024 me

303 4145 324 4212 ¹)
342 4144 490 4199 Verissime
508 4146 610 4200 iudicat
628 4145 726 4200 dehac
744 4162 774 4199 re
786 4145 899 4200 Oroiset.
912 4145 930 4199 l.
942 4145 959 4199 l.
970 4146 1002 4201 V.
1012 4163 1038 4215 p.
1053 4150 1099 4201 201
1113 4161 1167 4215 sq.:
1185 4147 1243 4200 «La
1255 4144 1378 4201 versifica·

217 4229 274 4284 tion
293 4235 321 4284 et
338 4229 364 4284 le
383 4230 464 4300 style,
483 4230 549 4285 chen
567 4231 722 4297 Theocrito,
745 4232 821 4285 n’ont
844 4246 893 4299 pas
915 4232 1001 4286 moins
1026 4230 1060 4286 de
1083 4229 1239 4288 nouveaute
1263 4246 1315 4301 quc
1335 4242 1377 4283 son

217 4315 388 4384 inspiraticn:
408 4333 442 4369 en
459 4321 528 4386 tout,
548 4319 615 4371 c'est
633 4334 669 4371 un
686 4333 745 4371 rare
764 4317 883 4371 artistcu.
