2866 4822
1189 263 1227 328 77

53 434 231 499 mutaverit
260 455 300 498 ex
328 433 492 517 primitivo
518 428 669 516 χιμάρων
696 430 761 516 (vel
789 431 906 516 αἰγῶν)
930 428 972 477 ’-
994 433 1033 497 61.
1053 434 1077 514 Ι,
1097 435 1116 497 6
1140 437 1173 497 61
1199 433 1232 513 V,

54 538 155 618 56157
190 574 232 583 -
264 537 401 601 fortasse
435 557 471 602 eo
505 535 650 616 consilio,
683 539 719 599 ut
755 535 779 598 ii
813 554 923 600 versus
956 534 1152 617 quadrarent
1189 534 1232 599 ad

53 638 231 704 bubulcum
263 639 438 722 Daphnim,
475 658 516 702 an
552 638 695 702 imitator
727 637 950 721 neglegentius
983 659 1090 702 veram
1127 658 1233 702 rerum

54 745 205 806 naturam
228 741 401 806 observans
423 758 533 805 versus
556 739 677 804 fecerit.
721 738 807 803 Illud
829 760 905 804 vero
928 740 1016 824 prius
1045 739 1232 822 affirmatur,

55 848 89 908 61
113 841 200 926 quod
222 860 333 907 versus
356 844 373 907 7
398 847 430 906 et
453 843 472 907 8
495 841 619 924 seiungi
643 846 775 924 possunt
802 861 822 904 a
848 841 1056 923 sequentibus
1079 842 1233 923 versibus,

56 945 175 1028 quibus
197 943 277 1008 nihil
297 941 487 1008 detrahatur
506 943 693 1024 sententiae,
717 948 749 1007 et
769 941 855 1025 quod
870 942 967 1007 iidem
983 962 1094 1008 versus
1111 943 1141 1028 (7
1155 943 1231 1028 618)

56 1048 89 1111 in
113 1045 279 1111 Menalcae
306 1050 417 1131 parte,
437 1066 629 1128 quamquam
660 1045 741 1109 ratio
771 1044 934 1129 postulare
964 1045 1100 1125 videtur,
1130 1066 1232 1128 neque

56 1149 272 1234 respiciuntur
302 1169 404 1231 neque
435 1149 644 1232 recipiuntur,
672 1153 708 1212 ut
737 1147 772 1211 hi
802 1146 864 1212 dno
894 1167 1004 1213 versus
1035 1149 1233 1214 extrinsecus

56 1253 165 1337 potius
188 1251 383 1335 agglutinati
410 1250 581 1315 videantur
604 1269 674 1315 esse
700 1258 798 1333 atque
825 1254 921 1315 antea
950 1251 981 1314 in
1012 1251 1076 1316 alio
1107 1255 1233 1315 senten-

55 1355 176 1418 tiarum
209 1353 308 1418 fuisse
337 1352 456 1417 ordine.
513 1352 631 1417 Contra
660 1351 704 1416 ad
735 1352 927 1418 imitatorem
957 1358 1106 1437 spectant
1138 1354 1233 1418 huius

56 1457 161 1541 partis
183 1455 409 1521 similitudines
432 1453 591 1539 quaedam
613 1457 689 1519 ‘cum
716 1455 790 1520 aliis
816 1455 895 1521 locis
917 1455 1118 1521 Theocriteis
1145 1454 1234 1520 velut

57 1579 130 1624 cum
153 1557 196 1622 id.
216 1559 273 1641 XI,
292 1559 334 1622 46
354 1578 422 1641 sqq.
444 1595 487 1604 -
509 1559 622 1623 Utrum
646 1563 752 1622 tamen
775 1558 817 1622 sit
839 1578 962 1640 verum,
989 1556 1024 1621 id
1046 1577 1232 1642 suspensum

56 1665 212 1726 tenemus.
256 1660 438 1726 Verisimile
461 1665 568 1725 autem
592 1664 653 1725 est:
676 1680 716 1724 ne
740 1679 793 1725 eos
816 1659 946 1743 quidem
969 1680 1079 1726 versus
1102 1660 1233 1745 (7-13)

56 1762 223 1829 Theocriti
245 1783 341 1828 manu
363 1763 498 1847 scriptos
521 1782 599 1844 esse,
621 1762 735 1827 saltem
759 1783 820 1826 non
843 1762 905 1828 hac
927 1764 1038 1828 forma.

145 1917 259 1999 Neque
281 1937 355 1981 vero
378 1916 462 1981 ullus
485 1921 589 2000 polita,
619 1916 646 1980 si
669 1914 762 1980 modo
785 1916 845 1980 hoc
868 1925 982 2000 podma
1009 1938 1049 1981 ex
1072 1917 1164 1981 unius
1187 1918 1234 1980 in-

57 2019 154 2102 genio
176 2023 377 2103 procreatum
400 2025 494 2098 61161,
516 2019 596 2082 satis
618 2017 786 2082 habuisset
806 2017 886 2083 duas
906 2019 1083 2084 cantilenas
1099 2021 1234 2102 exiguas

57 2129 223 2203 tamquam
246 2140 402 2186 summum
424 2120 531 2205 idyllii
553 2125 775 2202 argumentum
798 2121 980 2203 legentibus
1002 2142 1187 2206 proponere.

145 2274 249 2340 Oantu
271 2275 369 2357 igitur
392 2278 522 2358 peracto
545 2272 707 2337 adduntur
729 2293 841 2339 versus
863 2276 998 2357 22—27‚
1025 2275 1142 2358 quibus
1165 2275 1234 2340 effi-

58 2378 163 2443 ciatur
201 2376 346 2460 epilogus
383 2375 503 2461 idyllii,
540 2396 611 2441 cum
645 2376 759 2441 tertius
793 2377 910 2459 aliquis
944 2399 1030 2442 more
1063 2378 1234 2463 pastoricio

58 2481 203 2564 praemia
225 2478 283 2543 dat
305 2477 429 2544 duobus
452 2479 636 2544 cantoribus
659 2478 711 2543 vel
734 2479 840 2562 potius
867 2486 976 2545 narrat
1003 2498 1037 2545 16
1060 2479 1234 2563 ahquando

59 2603 99 2647 ea
121 2580 261 2662 dedisse,
291 2601 373 2664 quae
400 2581 496 2665 paulo
519 2581 700 2646 accuratius
730 2580 892 2647 describit.
936 2583 985 2647 De
1014 2583 1095 2647 mira
1125 2589 1157 2648 et
1187 2582 1235 2646 di-

59 2704 156 2749 versa
177 2684 260 2748 inter
283 2684 341 2748 hos
364 2688 397 2747 61
418 2681 542 2748 exordii
565 2702 675 2747 versus
706 2684 829 2748 ratione
857 2685 1020 2768 cogitandi
1048 2705 1145 2769 supra
1167 2684 1235 2750 dic-

58 2793 127 2852 tum
151 2792 209 2851 est.
252 2788 302 2850 Ex
325 2806 389 2869 qua
412 2786 587 2851 coniciatur
610 2791 736 2870 oportet
758 2786 924 2870 utriusque
948 2789 1049 2872 partis
1072 2795 1235 2854 auctorem

60 2909 188 2972 quoque
218 2907 288 2954 esse
314 2887 484 2953 diversum.
533 2888 650 2952 Verum
679 2889 843 2954 Theocriti
874 2894 980 2954 tamen
1011 2892 1235 2956 auctoritatem

59 2992 108 3056 illi
135 3010 247 3056 versus
274 2989 440 3076 (aa-27),
472 2989 532 3054 etsi
565 2989 704 3055 reddunt
737 2992 817 3056 satis
849 3013 965 3057 novam
999 2994 1169 3076 imaginem
1202 2998 1235 3057 et

59 3093 212 3178 lepidam,
234 3099 321 3159 certe
344 3092 538 3173 detrectant,
565 3094 714 3175 quoniam
746 3094 814 3159 eius
845 3093 978 3160 dictioni
1008 3101 1041 3160 et
1071 3087 1113 3158 dn
1134 3096 1235 3179 parti-

60 3195 167 3262 culam
190 3195 299 3280 (1.24)
322 3199 355 3260 61
377 3194 511 3261 formam
534 3180 630 3259 οὖσιν
652 3194 763 3280 (11.27)
793 3217 972 3280 repugnare
999 3198 1078 3262 satis
1101 3204 1192 3262 const
1214 3202 1235 3261 t.

61 3301 102 3363 Et
132 3283 235 3364 forma
264 3290 361 3362 οὖσιν
389 3318 552 3362 monemur
581 3297 622 3362 de
653 3318 691 3362 eo
722 3299 775 3381 qui
806 3320 856 3363 vv.
877 3301 1008 3363 15—21
1041 3296 1235 3385 (παρόντος)

60 3401 199 3485 scripsit,
221 3405 253 3464 et
275 3400 435 3483 particula
459 3394 500 3463 dn
522 3397 563 3463 de
586 3400 641 3464 illo
665 3400 719 3483 qui
742 3400 785 3466 id.
803 3402 889 3483 VIII,
905 3403 1031 3466 33—60
1047 3403 1236 3485 composuit;

60 3508 232 3586 utrumque
272 3506 379 3566 autem
417 3503 578 3567 invenitur
614 3500 702 3586 apud
738 3510 850 3587 poetas
888 3504 1049 3569 bucolicus
1088 3506 1236 3586 minores,

60 3625 196 3689 quorum
217 3605 249 3668 in
272 3605 465 3670 mentionem
486 3606 602 3669 iterum
630 3609 662 3669 61
689 3606 817 3689 saepius
844 3606 1014 3671 incidimus
1040 3627 1236 3690 quorumque

60 3707 102 3772 de
125 3711 196 3772 arte
219 3706 279 3772 hoo
302 3727 428 3790 quoque
450 3707 520 3771 loco
548 3727 608 3771 non
638 3709 781 3791 cogitare
808 3730 869 3773 non
896 3728 1074 3792 possumus,
1101 3731 1174 3774 nam
1204 3714 1236 3774 et

60 3811 94 3875 hi
118 3829 231 3876 versus
253 3808 400 3892 quumvis
422 3810 502 3874 nori-
520 3829 557 3874 ac
581 3809 667 3892 belli,
690 3809 733 3875 ad
756 3813 893 3894 speciem
914 3813 1049 3876 extremi
1069 3810 1176 3896 idyllii
1192 3812 1237 3876 VI

62 3912 216 3997 (42-46)
239 3911 390 3977 videntur
413 3911 512 3977 efficti
537 3931 607 3976 esse
630 3918 663 3977 et
685 3913 758 3978 illos
781 3920 894 3996 poetas
916 3915 1033 3979 scimus
1055 3915 1237 3979 notissimos

62 4035 133 4081 esse
156 4013 322 4080 Theocriti
351 4015 538 4079 imitatores.
582 4015 689 4098 Atque
720 4016 816 4079 etiam
847 4017 944 4081 verbo
975 4013 1134 4092 δοκεύσας
1164 4037 1237 4081 con-

60 4117 206 4182 firmatur
237 4136 277 4181 ea
305 4117 425 4201 opinio,
455 4137 559 4199 neque
589 4117 673 4180 enim
702 4115 737 4180 id
759 4118 891 4181 verbum
922 4117 1008 4202 apud
1031 4119 1237 4184 Theocritum

63 4220 171 4304 ipsum
199 4219 352 4303 scriptum
383 4219 554 4303 reperitur3
584 4222 618 4282 at
647 4216 735 4302 apud
764 4218 927 4284 Moschum
957 4221 1078 4302 111,62
1111 4217 1240 4284 δοκεύει

65 4319 181 4388 eadem
202 4319 331 4386 notione
354 4319 421 4406 (scl.
444 4317 639 4404 aucupandi)
662 4319 801 4403 positum
823 4324 884 4401 est;
907 4321 1019 4387 61111.
