2866 4822
130 249 172 312 46

130 439 187 483 nos
210 419 340 503 quidem
364 420 498 485 eandem
522 423 743 486 examinantes
772 428 875 486 ratam
907 423 1024 487 ducere
1052 443 1114 486 non
1138 424 1300 505 potuimus.

129 523 241 586 —Ac
265 522 399 606 primum
423 523 551 605 quidem
581 545 652 589 cum
675 525 707 588 in
731 525 887 588 eiusmodi
911 526 1217 608 transpositionibus
1239 527 1300 590 siue

130 624 296 689 alibrario
319 626 387 690 sive
403 645 424 688 a
438 627 646 708 grammatico
669 626 778 709 aliquo
802 627 897 691 factis
920 646 1045 710 semper
1065 627 1133 691 fere
1149 627 1301 711 dispicere

128 728 296 810 possimus,
324 749 389 810 qua
410 729 534 792 ratione
557 729 609 793 vel
633 749 694 811 quo
717 729 831 794 mendo
856 751 913 794 eae
937 731 1000 794 sint
1024 736 1123 811 ortae,
1146 730 1209 795 hoc
1231 731 1301 811 loce,

129 831 156 893 si
190 830 316 894 illorum
346 830 574 915 transponendi
609 830 736 896 modum
766 852 1002 915 comparemus,
1037 853 1098 896 non
1132 852 1302 917 possumus.

130 933 256 996 Etenim
279 934 490 998 tetrastichon
513 936 627 1020 παντᾷ
650 929 707 1015 'a'oo
731 939 799 998 κτλ.
823 954 885 998 non
908 936 976 998 siue
1000 939 1069 999 arte
1086 935 1301 999 antecedentis

128 1054 239 1099 versus
266 1029 380 1099 πάντα
411 1037 574 1120 excipiens
608 1037 748 1120 speciem
782 1037 881 1101 habet
914 1037 1074 1102 liberioris
1105 1038 1302 1117 inventionis,

130 1159 212 1221 quae
236 1143 285 1203 est
308 1139 482 1220 Menalcae,
510 1147 544 1203 ut
567 1139 683 1223 prioris
706 1141 856 1220 cantoris,
880 1146 913 1204 et
935 1139 1146 1206 tetrastichon
1172 1137 1244 1205 ἕνθ’
1259 1134 1302 1216 ὄις

129 1245 198 1305 κτλ.
221 1241 445 1325 percommode
467 1241 549 1306 illud
565 1238 637 1305 ἔνθ’
653 1243 804 1326 strophae
828 1243 1049 1307 antecedentis
1066 1243 1133 1327 (43)
1150 1243 1301 1322 recipiens

128 1345 231 1426 magis
254 1345 451 1427 imitationis,
485 1365 568 1427 quae
599 1350 648 1409 est
671 1345 861 1429 Daphnidis,
892 1350 927 1410 ut
957 1347 1123 1427 sequentis
1158 1348 1299 1411 cantoris.

128 1447 227 1530 Atqui
255 1469 296 1512 ex
319 1447 442 1530 reliquo
474 1448 613 1512 carmine
644 1448 807 1531 colligitur
829 1449 1008 1513 Menalcam
1040 1469 1147 1512 amore
1180 1454 1301 1533 captum

129 1569 198 1614 esse
223 1571 301 1633 erga
321 1550 471 1614 Milonem
494 1571 635 1633 puerum,
666 1551 829 1634 Daphnim
860 1571 937 1633 erga
965 1551 1107 1634 puellam
1131 1552 1301 1635 pulchram.

127 1653 171 1716 At
194 1653 243 1717 his
267 1652 396 1736 quidem
412 1654 562 1737 strophis,
586 1653 640 1718 ubi
657 1653 820 1718 Menalcas
836 1652 986 1736 puellam,
1009 1674 1143 1737 puerum
1160 1655 1301 1739 Daphnis

128 1754 302 1838 praedicet,
325 1776 427 1820 nonne
449 1756 542 1819 irrita
564 1755 600 1819 fir
621 1755 679 1819 illa
703 1757 882 1819 sententia?
926 1757 975 1819 An
999 1757 1134 1839 primum
1159 1776 1301 1821 versuum

130 1856 281 1938 ordinem,
315 1878 386 1922 cum
415 1858 557 1922 carmina
587 1858 685 1921 etiam
716 1862 814 1939 atque
845 1858 942 1922 etiam
973 1856 1241 1940 describerentur,
1272 1879 1301 1922 re

130 1981 207 2024 vera
229 1961 391 2024 turbatum
415 1979 485 2025 esse
507 1961 676 2043 putamus?
719 1961 818 2024 Immo
842 1958 1008 2025 codicibus
1029 1980 1140 2025 verum
1164 1960 1301 2025 ordinem

128 2063 271 2127 exhiberi
303 2063 504 2143 arbitramur,
530 2068 756 2146 praeterquam
793 2062 879 2145 quod
915 2063 973 2127 soli
1003 2082 1115 2127 versus
1138 2065 1180 2126 44
1204 2068 1237 2128 et
1257 2066 1301 2145 la,

128 2165 244 2247 quibus
267 2169 468 2249 pervertatur
491 2185 530 2229 ea
553 2185 648 2248 quam
671 2166 816 2230 volumus
839 2165 1004 2248 cogitatio,
1034 2166 1117 2230 inter
1146 2186 1182 2230 se
1204 2171 1301 2231 trans·

128 2267 273 2331 mutandi
296 2275 381 2348 sunt;
413 2268 445 2331 iu
467 2267 518 2332 his
542 2266 672 2349 quidem
701 2272 792 2351 patet
823 2268 977 2332 facillime
1006 2267 1175 2332 librarium
1203 2289 1301 2333 errare

128 2371 280 2453 potuisse,
311 2370 461 2453 quoniam
488 2371 616 2452 utrique
639 2371 746 2434 versui
773 2369 968 2434 antecedunt
996 2369 1110 2434 eadem
1132 2372 1245 2436 verba:
1274 2370 1302 2434 ut

129 2465 210 2536 d'dv
234 2465 366 2556 άφὲρπῃ
393 2478 490 2555 atque
520 2473 582 2556 ipsi
610 2473 709 2536 etiam
739 2472 780 2537 ab
804 2470 918 2537 eadem
941 2472 1056 2537 vocula
1078 2477 1127 2555 χώ
1150 2473 1302 2558 incipiunt

130 2576 373 2658 sententiaeque
390 2596 507 2657 eorum,
523 2575 549 2640 si
562 2576 761 2641 extrinsecus
774 2574 867 2640 modo
880 2575 1087 2659 aspiciuntur,
1103 2580 1171 2640 tam
1188 2577 1302 2641 similes

127 2683 210 2760 sunt,
240 2684 275 2742 ut
302 2679 384 2743 alter
407 2698 517 2743 versus
547 2698 604 2761 pro
635 2677 738 2742 altero
768 2699 825 2760 per
849 2698 986 2743 errorem
1016 2678 1081 2761 legi
1111 2683 1145 2743 et
1168 2678 1313 2744 describi,

126 2780 276 2864 potuerit,
298 2781 360 2846 nisi
383 2780 465 2847 forte
488 2781 715 2864 grammaticus
731 2783 823 2844 vetus
847 2778 960 2844 dedita
975 2801 1073 2864 opera
1088 2800 1144 2846 eos
1161 2786 1302 2866 transpo-

127 2884 200 2966 suit,
212 2888 382 2968 propterea
395 2883 480 2967 quod
493 2873 542 2966 χώ
559 2877 685 2967 ποιμήν
700 2882 743 2947 ad
752 2883 939 2965 Menalcam,
950 2874 999 2966 χώ
1015 2876 1075 2960 τὰς
1090 2886 1157 2962 βὼς
1173 2882 1303 2963 βόσκων

128 2986 172 3050 ad
195 2987 357 3071 Daphnim
387 2987 551 3068 ceteroqui
580 2986 694 3050 melius
725 2983 908 3067 quadraret.
953 2986 1085 3051 Duobus
1113 2987 1215 3069 igitur
1238 3008 1302 3052 ver-

127 3089 216 3154 sibus
232 3091 274 3153 44
290 3095 322 3154 et
340 3091 381 3154 48
401 3089 485 3153 inter
501 3108 535 3153 se
550 3088 754 3172 transpositis
770 3089 951 3153 sententiae
971 3089 1177 3172 stropharum
1192 3090 1302 3154 tertiae

128 3195 161 3256 et
183 3197 317 3274 quartae
340 3193 387 3256 ita
409 3194 550 3256 structae
573 3197 655 3271 sunt,
686 3195 721 3254 ut
744 3190 899 3255 alteruter
929 3189 970 3255 de
998 3191 1184 3274 pastoribus
1214 3191 1302 3257 alteri

127 3294 239 3360 laudet
271 3314 322 3360 res
356 3295 572 3377 gratissimas,
609 3312 681 3358 cum
717 3300 852 3358 naturae
889 3294 1068 3358 ubertatem
1102 3293 1302 3378 locorumque

128 3397 354 3463 amoenitatem
385 3403 453 3460 tum
480 3396 614 3460 alterius
644 3395 779 3460 delicias
810 3400 842 3460 et
871 3415 1020 3461 amorem.
1028 3394 1051 3480 1)
1095 3398 1142 3461 Ac
1167 3418 1241 3463 cum
1261 3399 1303 3461 ita

128 3499 251 3564 faciunt
273 3504 428 3584 pastores,
451 3503 580 3583 praeter
604 3499 878 3582 exspectationem
902 3519 1051 3564 eorumve
1074 3505 1225 3564 naturam
1248 3522 1303 3566 nou

127 3601 196 3666 fieri
220 3609 329 3667 contra
351 3602 549 3666 Meiuehium
572 3598 800 3666 contendimus.
845 3600 1055 3683 Videmusne,
1085 3608 1122 3667 ut
1149 3603 1250 3668 etiam
1275 3605 1302 3667 in

129 3704 239 3787 primis
262 3703 388 3770 duabus
415 3703 555 3787 strophis
586 3704 683 3768 simili
710 3703 804 3768 modo
835 3709 970 3786 uterque
1000 3703 1134 3769 alterius
1157 3707 1303 3789 gratiae

129 3811 244 3872 natura
266 3827 416 3891 agrorum
432 3806 635 3871 fertilitatem
652 3807 827 3890 pabulique
843 3807 968 3890 copiam
985 3809 1210 3891 exoptaverit?
1240 3810 1303 3874 Iam

214 3995 235 4064 ¹)
254 3993 295 4048 Of.
314 3993 412 4047 Fairon
430 3993 447 4048 l.
465 3993 482 4046 l.
501 4011 527 4062 p.
542 3997 591 4046 239
609 4008 649 4046 au.
671 3997 692 4046 1.
718 4025 750 4033 —
776 3995 823 4062 qui
840 4011 866 4047 v.
886 3993 911 4046 d.
935 3993 1006 4048 duos
1030 3993 1142 4047 ultimos
1166 3995 1303 4064 utriusque

128 4079 255 4148 strophae
274 4095 371 4133 versus
387 4078 608 4133 transmutandos
620 4080 751 4147 proponit
765 4083 792 4132 et
804 4078 895 4133 addit:
913 4080 986 4133 «Les
998 4079 1108 4148 paroles
1121 4078 1157 4133 de
1170 4081 1302 4134 Menalcas

127 4170 191 4218 sont
214 4165 286 4219 alors
308 4180 362 4219 une
387 4164 501 4219 allusion
524 4165 650 4233 ironiqne
674 4180 726 4217 aux
750 4180 858 4218 amours
878 4165 913 4219 de
931 4165 1078 4232 Daphnis».
1115 4164 1179 4220 Sine
1204 4168 1302 4220 ratione

129 4250 305 4319 diligentiave
335 4267 361 4305 v.
387 4249 413 4303 d.
437 4267 492 4304 non
516 4265 532 4303 a
555 4250 680 4303 codicum
706 4251 841 4317 scriptura
863 4249 1014 4318 proficisci,
1048 4249 1099 4304 sed
1125 4256 1302 4306 transmutare

128 4336 238 4394 videtur
256 4337 346 4390 denuo
360 4351 457 4390 versus
475 4335 527 4390 iarn
539 4336 728 4404 transpositos.
764 4336 955 4390 Aliter'verba
973 4337 1032 4390 cius
1050 4341 1148 4390 vacant
1162 4344 1261 4392 mente.
1273 4365 1301 4375 -
