2866 4822
1264 244 1304 308 39

126 407 341 491 doctissimus,
371 429 411 473 ne
434 409 481 474 ita
503 407 688 491 iudicarem,
716 409 777 476 hoo
804 411 873 476 Ioco
900 432 951 476 me
977 412 1100 476 monuit
1128 412 1305 479 locutiones

127 510 288 594 quasdam
310 511 392 576 fixas
415 517 448 577 et
470 531 572 595 usque
594 512 765 578 redeuntes
789 533 859 579 esse
881 514 914 578 in
936 514 1083 580 bucolica
1105 516 1203 599 poesi.
1247 517 1305 580 Ni-

124 614 242 677 mirum
265 614 326 679 hoc
350 619 407 696 est,
437 619 471 679 at
493 615 627 678 multum
650 615 761 696 refert,
791 617 902 698 quales
931 616 995 681 sint
1023 617 1100 681 illae
1128 617 1305 683 locutiones

128 721 162 782 et
185 737 249 800 qno
273 717 343 783 loco
366 727 542 783 occurrant.
586 718 623 781 In
647 739 684 784 eo
707 739 836 784 numero
859 719 1029 784 habendae
1052 725 1125 785 sunt
1147 720 1304 787 formulae

125 818 289 903 quaedam
308 818 450 900 dicendi3
473 841 513 884 ea
535 826 642 884 autern
665 820 802 885 formula
824 822 889 886 illis
912 822 1018 887 verbis
1040 842 1102 887 non
1118 824 1304 889 continetur.

124 923 242 1004 Neque
265 922 393 987 silentio
416 928 465 988 est
487 922 756 1006 praetereundum
787 929 823 988 ut
852 924 940 1009 apud
970 946 1077 991 omnes
1099 931 1220 1010 poetas,
1250 927 1305 1009 qui

124 1025 286 1109 ampliora
308 1026 428 1109 scripta
454 1026 488 1088 in
515 1026 617 1090 lucem
641 1025 799 1090 dederuut
830 1026 880 1108 (ut
900 1027 986 1110 apud
1009 1029 1176 1093 Horatium
1198 1031 1304 1095 sexies

124 1128 248 1211 singuli
270 1147 381 1193 versus
403 1126 612 1212 repetuntur),
634 1129 681 1193 ita
697 1130 794 1193 etiam
810 1127 897 1213 apud
912 1131 1117 1197 Theocritum
1133 1153 1195 1196 non
1210 1132 1304 1198 modo

124 1234 237 1314 partes
260 1248 417 1311 versuum,
439 1229 497 1295 sed
521 1232 618 1296 etiam
634 1252 743 1297 versus
766 1237 850 1297 totos
874 1234 951 1298 Iocis
975 1232 1111 1299 diversis
1130 1236 1304 1299 carminum

125 1334 244 1397 iterum
268 1352 441 1398 occurrere.
480 1332 526 1397 of.
550 1333 637 1416 apud
652 1334 711 1397 Th.
733 1339 843 1417 partes
862 1355 1010 1399 versuum
1032 1337 1200 1420 repetitas:
1224 1339 1248 1418 I,
1263 1339 1304 1402 38

124 1466 169 1489 :-
180 1436 254 1518 VII,
265 1438 320 1515 43;
342 1437 366 1517 Ι,
382 1437 422 1500 58
438 1465 480 1489 =
492 1437 529 1517 V,
545 1438 597 1515 533
622 1437 663 1518 ΙΙ,
677 1439 716 1501 19
733 1467 775 1490 --
786 1438 843 1519 XI,
856 1440 909 1517 723
932 1439 1023 1520 XIII,
1039 1440 1079 1502 32
1091 1440 1251 1522 =XX11,
1263 1442 1304 1504 32

125 1542 159 1603 et
181 1542 267 1603 totos
290 1556 415 1603 versus:

354 1641 866 1722 1,13:V,101;111‚2o=
888 1643 1024 1724 XXVII,
1046 1645 1075 1708 4.

213 1744 251 1807 In
274 1763 368 1808 versu
390 1748 497 1808 tamen
520 1745 578 1824 III,
601 1747 642 1809 20
669 1745 848 1810 continetur
870 1747 1030 1810 sententia
1052 1747 1239 1828 communis,
1270 1753 1306 1813 ut

124 1846 242 1909 mirum
264 1865 326 1909 non
350 1846 392 1910 sit
408 1845 541 1910 eandem
559 1844 671 1910 eadem
688 1847 789 1911 forma
811 1847 853 1912 ab
869 1853 999 1913 auctore
1021 1868 1047 1912 c.
1062 1849 1199 1913 XXVII¹
1214 1869 1305 1914 usur-

124 1955 237 2033 patam
272 1967 342 2013 esse
375 1954 475 2030 atque
508 1969 602 2013 versu
632 1950 661 2030 I,
683 1951 722 2014 13
753 1948 946 2014 describitur
969 1972 989 2015 a
1012 1951 1183 2017 Theocrito
1216 1952 1305 2018 Iocus

125 2049 270 2134 quidam,
304 2051 402 2130 cuius,
435 2056 471 2114 ut
502 2051 581 2115 mihi
611 2050 741 2134 quidem
763 2051 900 2134 videtur,
931 2073 1002 2118 cum
1033 2054 1089 2118 ille
1119 2054 1240 2118 alicubi
1272 2055 1304 2119 in

124 2160 214 2218 terra
236 2153 344 2236 patria
366 2174 435 2217 eum
460 2153 604 2235 vidisset,
632 2159 746 2238 potitae
769 2156 912 2221 carmina
941 2154 1078 2220 diuersis
1107 2156 1305 2241 temporibus

125 2257 332 2340 componenti
362 2257 460 2320 semel
486 2262 584 2339 atque
614 2258 728 2321 iterum
758 2258 791 2321 in
821 2262 958 2322 mentem
981 2260 1108 2324 uenisse
1131 2260 1305 2325 verisimile

125 2365 185 2439 est,
208 2362 319 2441 itaque
342 2358 451 2439 facile,
480 2362 514 2422 ut
537 2358 671 2423 eandem
695 2361 856 2442 regionem
879 2359 994 2426 itsdem
1017 2361 1123 2426 verbis
1152 2361 1188 2446 (l,
1210 2365 1248 2427 13
1272 2367 1305 2427 et

124 2463 164 2543 V,
189 2462 263 2544 101)
297 2461 520 2542 adumbraret,
550 2462 579 2526 ei
610 2462 757 2528 accidere
787 2464 900 2546 potuit.
948 2464 1055 2546 Atque
1088 2468 1217 2547 praeter
1250 2483 1304 2530 eos

124 2564 347 2648 segregandos
369 2584 439 2629 esse
461 2569 539 2647 puto
562 2566 660 2629 etiam
683 2566 768 2631 locos
792 2565 864 2630 hos:
887 2566 999 2647 V1,41
1024 2595 1067 2618 =
1088 2567 1129 2647 X,
1153 2568 1201 2646 16,
1228 2567 1305 2650 quia

124 2668 182 2748 Vl,
196 2668 238 2731 41
262 2671 295 2730 11
318 2665 411 2731 deest
432 2667 465 2731 in
488 2667 607 2751 optimo
634 2667 716 2733 libro
739 2668 929 2732 Theocriteo
953 2666 996 2752 (11)
1027 2672 1060 2732 11
1083 2688 1120 2733 11
1143 2668 1213 2751 ipso
1235 2669 1304 2734 loco

125 2790 385 2855 supervacaneus
407 2769 535 2835 videtur
566 2790 644 2852 esse,
674 2776 710 2834 ut
732 2793 772 2836 ex
796 2770 919 2837 decimo
948 2772 1088 2836 carmine
1111 2773 1219 2838 nescio
1242 2794 1304 2856 quo

125 2878 223 2958 pacto
246 2873 372 2938 illatum
396 2893 465 2939 esse
488 2878 580 2939 sexto
603 2873 758 2939 credibile
774 2875 828 2955 sit;
851 2873 969 2939 deinde
985 2875 1073 2957 VIII,
1089 2878 1128 2940 77
1145 2906 1187 2929 z
1202 2876 1259 2957 IX,
1276 2879 1304 2958 7,

125 2975 204 3058 quia
227 2996 256 3040 v.
271 2975 359 3056 VIII,
376 2977 414 3040 77
439 2975 640 3058 apertissime
666 2977 799 3040 turbans
826 2997 963 3059 aequum
987 2996 1136 3041 versuum
1160 2976 1303 3042 ordinem

125 3078 210 3143 forte
233 3077 407 3142 translatus
430 3082 479 3141 est
501 3098 542 3142 ex
565 3075 607 3141 id.
630 3078 691 3159 IX,
721 3084 863 3144 ceterum
890 3085 998 3144 exstat
1024 3078 1109 3144 idem
1132 3098 1243 3153 ,versus
1270 3080 1302 3143 in

125 3182 174 3245 eis
198 3181 400 3262 carminibus,
431 3179 610 3262 dequibus
640 3181 747 3246 adhuc
777 3183 835 3246 suh
865 3181 972 3247 indice
1001 3182 1041 3246 lis
1072 3187 1132 3261 111;
1161 3183 1303 3265 itemque

125 3303 242 3366 separo
266 3281 417 3347 dimidias
440 3288 548 3367 partes
563 3303 712 3348 versuum
727 3285 785 3364 III,
801 3286 841 3348 25
858 3314 900 3338 --
915 3285 952 3365 V,
968 3285 1007 3348 15
1024 3290 1057 3348 11
1072 3285 1192 3364 XVIII,
1207 3286 1248 3349 46
1261 3315 1303 3339 =

125 3386 234 3465 XXII,
258 3386 298 3450 76
329 3391 365 3449 ut
394 3406 506 3470 parum
536 3385 690 3468 insignes;
722 3386 860 3469 denique
887 3388 982 3467 XIII,
1005 3390 1045 3452 32
1068 3417 1110 3441 z
1132 3388 1238 3468 XXII,
1261 3390 1302 3453 32

125 3487 216 3553 haud
238 3489 285 3552 ita
307 3488 441 3551 multum
462 3488 552 3553 valet
574 3488 617 3553 ad
639 3510 714 3571 rem,
738 3490 886 3572 quoniam
909 3489 951 3554 id.
971 3491 1069 3554 XXII
1092 3491 1205 3555 incerti
1228 3510 1302 3555 auc-

124 3591 204 3656 loris
236 3594 293 3655 est.
344 3591 381 3654 In
413 3610 541 3656 censum
574 3591 673 3675 igitur
706 3593 837 3657 veniunt
870 3592 957 3676 apud
986 3593 1059 3674 Th,
1091 3593 1118 3657 si
1153 3598 1302 3658 accurate

125 3694 277 3777 exempla
303 3692 538 3778 perpendimus,
570 3713 650 3759 unus
676 3715 787 3760 versus
814 3700 900 3760 totus
923 3694 960 3779 (I,
984 3697 1023 3759 13
1046 3725 1089 3749 =
1110 3695 1147 3776 V,
1172 3694 1245 3779 101)
1270 3700 1303 3760 11

124 3801 193 3860 tres
216 3813 326 3860 versus
349 3817 390 3860 ex
413 3795 522 3878 aliqua
544 3803 636 3881 parte
659 3797 797 3879 repetIti,
820 3817 902 3879 quae
926 3801 1013 3862 certe
1036 3816 1098 3861 non
1117 3803 1166 3861 111
1184 3817 1303 3880 magna

124 3898 222 3981 copia
244 3898 471 3982 exemplorum.
516 3899 639 3978 Quibus
661 3901 770 3964 allatis
802 3901 898 3963 etiam
929 3919 1011 3964 nunc
1034 3898 1198 3964 difficilius
1221 3899 1302 3964 haec

124 3999 168 4065 de
192 4020 256 4083 qua
278 3998 414 4066 dicimus
436 4002 574 4065 imItatio
599 4000 639 4086 (v.
655 4001 708 4085 25)
732 4001 925 4083 defenditur,
951 4001 978 4066 si
1001 4000 1094 4067 modo
1118 4005 1224 4085 potest
1246 4001 1302 4067 de-

124 4102 230 4182 fendi3
259 4123 333 4167 nam
357 4123 427 4168 cum
455 4104 526 4187 ipsa
552 4105 634 4168 ratio
658 4105 840 4169 certaminis
864 4103 1052 4170 instituendi
1075 4104 1106 4167 in
1129 4101 1195 4168 idd.
1218 4105 1246 4168 V
1269 4108 1302 4168 11

124 4206 206 4270 VIII
228 4206 437 4270 consimiliter
459 4207 502 4271 sit
524 4212 718 4290 comparata,
741 4227 777 4272 eo
793 4207 896 4290 magis
916 4211 1013 4290 potita
1029 4207 1137 4286 bonus,
1160 4227 1200 4270 ne
1217 4207 1301 4270 omni

123 4308 285 4374 varietate
308 4312 441 4390 careret,
471 4309 582 4393 fugere
605 4308 718 4374 debuit
744 4330 835 4375 usum
858 4307 1029 4374 earundem
1051 4309 1245 4374 locutionum
1269 4313 1302 4372 et
