2866 4822
571 1318 740 1449 Caput
773 1320 860 1420 III.

158 1525 217 1597 De
243 1525 424 1597 communi
452 1524 606 1620 quadam
634 1523 845 1621 idylliorum
871 1523 968 1597 VIII
994 1531 1030 1597 et
1057 1523 1114 1597 IX
1141 1532 1272 1598 natura

273 1668 381 1756 atque
408 1660 529 1734 indole
556 1660 672 1756 deque
698 1661 900 1734 imitatione
925 1660 1150 1756 Vergiliana.

213 1832 371 1911 Quoniam
408 1830 448 1896 dc
482 1829 548 1896 idd.
574 1831 654 1895 VIII
687 1836 720 1896 et
753 1832 802 1895 IX
835 1831 1024 1914 singillatim
1057 1830 1301 1915 disputavimus,

126 1935 285 2018 reliquum
319 1940 380 2015 est,
413 1941 449 1999 ut
482 1955 564 2017 quae
598 1954 703 1998 rerum
737 1933 913 2000 similitudo
948 1937 981 1999 et
1010 1935 1092 1999 ratio
1122 1934 1302 2000 intercedat

126 2040 210 2103 inter
233 2039 327 2103 ambo
350 2038 491 2102 carmina
514 2036 655 2121 quidque
678 2036 883 2103 efficiendum
905 2037 948 2102 sit
970 2058 1011 2102 ex
1033 2057 1072 2102 ea
1094 2058 1138 2120 re,
1160 2038 1302 2103 breviter

127 2141 330 2207 disseramus.

211 2261 352 2325 Primum
375 2261 474 2343 igitur
497 2258 669 2325 dicendum
698 2264 748 2324 cst
777 2258 818 2324 de
847 2258 1116 2343 inscriptionibus.
1160 2260 1301 2324 Dubium

126 2383 196 2429 esse
219 2384 281 2428 non
303 2367 418 2447 potest,
441 2363 518 2446 quin
540 2363 599 2426 Th.
622 2362 691 2446 ipse
718 2363 858 2427 carmina
885 2382 944 2427 sua
972 2363 1076 2428 titulis
1106 2362 1302 2445 instruxerit,

125 2487 189 2550 qua
212 2467 244 2530 in
268 2486 302 2530 re
325 2466 371 2529 ita
394 2466 486 2545 fecit,
514 2469 550 2528 ut
580 2465 733 2547 aequales
763 2465 831 2529 fere
861 2470 978 2549 poetae
1009 2465 1117 2530 facere
1146 2465 1302 2546 solebant,

124 2575 223 2652 atque
245 2575 281 2633 ut
296 2568 429 2633 videbat
451 2568 484 2631 in
506 2567 671 2650 exemplis,
694 2588 777 2650 quae
800 2569 923 2652 etipse
946 2568 1090 2632 imitatus
1113 2573 1163 2633 est
1184 2568 1237 2632 vel
1259 2567 1302 2632 ad

125 2693 209 2754 quae
232 2675 332 2735 artem
356 2671 515 2754 poeticam
538 2669 687 2751 excoluit,
711 2668 791 2751 dioc,
814 2675 850 2734 ut
872 2671 953 2735 alios
973 2670 1302 2755 omittam-Epichar-

125 2797 210 2839 mum
234 2779 267 2838 et
289 2774 498 2857 Sophronem,
529 2795 660 2858 quorum
683 2775 715 2838 in
738 2773 883 2856 reliquiis
906 2774 1004 2838 etiam
1027 2792 1208 2839 communes
1231 2794 1301 2838 cum

125 2877 298 2943 Theocrito
322 2877 408 2941 tituli
431 2883 607 2943 occurrunt.
623 2915 665 2923 —
687 2878 898 2960 Inspiciamus
921 2897 1003 2942 nunc
1026 2876 1170 2960 singulas
1192 2875 1302 2958 idylli-

126 3002 215 3046 orum
237 2980 470 3063 inscriptiones.
515 2980 593 3045 Cum
620 2981 754 3046 aliorum
782 2980 955 3044 carminum
983 2979 1107 3045 indices
1129 2978 1225 3043 valde
1248 3000 1304 3044 va-

126 3085 249 3147 rientur
271 3083 302 3145 in
326 3082 430 3163 libris,
457 3082 523 3147 alia
551 3082 673 3147 habent
701 3083 941 3166 inscriptionem
970 3083 1074 3165 magis
1104 3086 1303 3146 constantem

127 3192 160 3251 et
182 3186 370 3269 plerumque
392 3185 613 3268 insigniorem,
636 3206 719 3268 quae
746 3185 786 3250 ob
809 3183 845 3248 id
866 3184 971 3268 ipsum
998 3184 1041 3249 ad
1063 3190 1193 3269 poetam
1220 3184 1303 3250 refe-

127 3287 228 3353 renda
251 3292 307 3352 est.
352 3288 470 3352 Horum
494 3288 526 3351 in
549 3309 679 3352 numero
701 3288 870 3352 habemus:
900 3286 943 3351 id.
963 3288 1009 3367 II,
1039 3289 1090 3351 cui
1120 3287 1304 3352 inscribitur

130 3387 440 3473 Φαρμακεύτρια(ι),
474 3391 529 3473 qui
562 3391 675 3456 titulus
708 3391 804 3456 mimo
839 3410 965 3473 quoque
996 3389 1170 3473 Sophronis
1204 3389 1303 3454 fuisse
1430 3468 1431 3471 Ἴ

128 3492 229 3558 fertur
252 3491 304 3576 (cf.
324 3493 400 3577 hyp.
420 3493 449 3557 h.
469 3493 536 3574 id),
558 3491 602 3558 id,
622 3493 684 3558 VII
706 3514 778 3559 cum
800 3492 894 3557 titulo
920 3489 1077 3569 caldata,
1100 3490 1143 3556 id.
1162 3492 1210 3555 XI
1234 3513 1259 3557 o.
1282 3496 1304 3557 t.

128 3591 291 3679 Κύκλωψ,
314 3594 357 3659 id.
376 3596 441 3660 XII
465 3616 490 3661 c.
510 3603 531 3658 t.
549 3587 665 3681 Άΐτης,
688 3594 730 3660 id.
751 3595 833 3659 XIII
857 3616 881 3660 c.
903 3600 924 3659 t.
940 3585 1052 3679 Ὕλας,
1074 3593 1214 3659 id.le
1237 3615 1262 3659 c.
1282 3599 1304 3658 t.

128 3693 358 3780 Συρακούσιαι
387 3689 684 3784 ἢΆδωνιάζουσαι
715 3697 909 3783 (accepImus
937 3697 1012 3761 huic
1042 3696 1162 3762 similes
1192 3697 1304 3762 titulos

128 3798 215 3884 apud
231 3800 457 3885 Epicharmum
474 3805 506 3865 et
521 3799 740 3885 Sophronam),
763 3798 805 3864 id.
815 3800 894 3865 XVI
909 3819 934 3864 c.
946 3805 968 3864 t.
987 3794 1126 3882 Χάριτες
1147 3791 1168 3885 ἢ
1188 3798 1302 3882 Ἱέρων.

128 3904 244 3987 Itaque
266 3908 299 3968 et
321 3903 401 3967 VIII
423 3908 456 3968 et
478 3904 526 3966 IX
548 3903 697 3987 idyllium
724 3902 819 3967 titulo
847 3902 956 3986 aliquo
985 3902 1172 3987 inscriptum
1203 3901 1303 3967 fuisse

128 4007 169 4071 ab
192 4008 263 4091 ipso
285 4011 382 4091 poeta
405 4007 570 4091 opinemur
593 4010 727 4090 oportet,
755 4006 782 4071 si
804 4003 899 4071 modo
921 4004 977 4069 illc
1000 4025 1039 4069 ea
1066 4004 1304 4089 composuisset.

128 4109 229 4193 Atqui
249 4114 417 4191 utrumque
433 4130 561 4174 carmen
576 4110 698 4193 pariter
712 4109 897 4174 inscribitur
913 4107 1162 4172 Βουκολιασταὶ
1179 4100 1305 4188 Δάφνις

128 4213 184 4276 καὶ
205 4208 391 4288 Maracitana.
438 4210 502 4277 Sed
524 4211 714 4277 incredibile
737 4215 786 4276 est
808 4216 937 4295 poetam
959 4210 1158 4294 ingeniosum
1180 4209 1305 4275 duobus

129 4315 323 4382 carminibus
346 4312 482 4380 eundem
510 4312 648 4381 indicem
679 4313 820 4397 dedisse,
851 4314 905 4400 qui
935 4314 1064 4398 insuper
1094 4311 1137 4378 ad
1166 4313 1305 4399 speciem
