2866 4822
126 238 167 301 24

127 408 257 492 quidem
281 407 456 490 quidquam
479 407 558 471 artis
581 407 613 469 in
637 427 675 470 ea
703 425 895 488 cognoscere
925 428 986 472 nou
1016 425 1195 490 possumus.
1238 406 1304 474 Sed

127 533 167 576 ne
190 516 309 575 temere
332 532 371 575 ea
394 510 500 575 dicere
523 509 699 591 videamur,
721 511 819 574 liceat
841 511 934 575 nohis
964 509 1091 593 singula
1121 530 1208 592 quae
1239 511 1318 574 cvi·-

128 613 239 678 denter
261 619 438 696 congruunt
462 613 561 677 oculis
583 633 772 696 proponere:

365 766 452 831 rur
599 749 602 754 ’
952 766 995 830 u.
1020 766 1098 830 vnr
1272 854 1282 864 .

129 861 199 935 ἀλλ’
236 861 300 934 οὖν
336 867 414 932 αἴκα
451 872 506 950 λῇς
547 866 665 952 ἔριφον
696 897 730 921 cv
763 870 819 950 apg
849 891 906 950 μοι
937 861 1229 955 ἀεῖσαι-χρὴσδεις
1259 866 1302 932 ὠν

37 1057 39 1062 ,
130 972 234 1055 θέμεν
461 997 464 1003 ·
762 968 896 1047 ἐσιδεῑν;
926 965 1076 1056 portuosa
1103 975 1302 1035 καταθεῖναι

764 1065 909 1149 dodim

130 1219 199 1292 ἀλλ’
216 1220 271 1311 dyc
294 1250 348 1290 τοι
372 1224 566 1309 ὁιαείσομαι,
598 1223 669 1292 ἕστε
700 1256 733 1279 ω
764 1227 848 1309 φαμὶ
862 1249 905 1290 τυ
920 1239 1078 1304 νικασεῑν,
1092 1217 1197 1290 ὅσσον
1213 1227 1302 1291 θέλοι

129 1320 159 1392 κ’
176 1320 318 1412 ἄπεὶπῃς
765 1321 866 1404 αὐτὸς
888 1321 1020 1392 ἀείδων.

129 1490 219 1586 quida
243 1511 349 1563 κεῖται
372 1489 672 1582 ὥριοος·ἆλλ’ἄγε
703 1528 736 1553 ω
767 1495 893 1581 μόσχον
914 1494 977 1582 ἐγώ
996 1496 1176 1583 θηρῶ·τύ
1196 1499 1303 1576 daddo

129 1604 185 1666 καὶ
216 1599 257 1667 cd
292 1599 355 1666 cdv
389 1597 531 1680 εὔβοτον
563 1592 669 1685 ἀμνὸν
765 1597 1084 1685 ἰσομάτορα-ἀμνόν.

131 1702 237 1789 ἔριοδε
261 1695 385 1789 (ὅρισδε
408 1703 497 1787 Ahr.)

135 1878 190 1939 καὶ
212 1868 471 1952 πῶς....τάὸ”
489 1871 616 1940 ἔσσεται
639 1873 673 1956 ἐξ
704 1904 738 1929 ω
769 1876 824 1938 καὶ
866 1876 941 1939 τίνα
983 1869 1201 1962 θηοεύμεοθ’,
1240 1869 1303 1954 ὅτις

131 1977 192 2043 ἴσον
216 1967 311 2061 datm
765 1967 843 2060 ἁμῖν
866 1970 981 2060 ἄρκιος
1004 1977 1069 2062 εἴιμ’

218 2150 341 2228 Quibus
363 2149 556 2233 comparatis
578 2154 614 2213 ut
636 2150 801 2233 opinemur
823 2148 929 2233 idyllii
953 2151 1057 2232 quinti
1073 2171 1185 2216 versus
1208 2152 1305 2218 fuisse

131 2253 311 2337 propositos
333 2253 485 2320 scribenti
508 2263 618 2317 versus
642 2254 758 2333 octavi,
781 2252 877 2318 facilc
900 2251 1098 2343 adducimur.
1128 2255 1213 2319 Nam
1237 2256 1304 2318 imi·

132 2360 227 2436 tator,
249 2355 430 2436 ubicunque
453 2353 494 2418 de
524 2374 580 2419 suo
610 2353 735 2437 aliquid
765 2354 859 2419 addit
881 2356 933 2419 vel
963 2355 1089 2436 format,
1117 2356 1305 2440 plerumque

133 2479 190 2543 pro
213 2458 343 2522 inscitia
365 2476 422 2522 sua
453 2457 596 2521 irretitur
619 2458 708 2522 vitiis
725 2456 926 2540 mendisque
948 2460 1046 2523 variis
1076 2458 1172 2524 modo
1203 2481 1305 2543 gram·

132 2560 260 2624 maticis
281 2558 376 2624 modo
399 2560 540 2624 metricis
563 2564 596 2623 et
617 2558 763 2643 proditur
786 2560 966 2624 elocutione
993 2561 1139 2644 impolita
1167 2566 1201 2626 et
1228 2562 1307 2627 dura

134 2667 167 2727 et
189 2663 295 2726 aliena
315 2663 541 2727 aTheocriteo
564 2661 693 2727 dicendi
716 2682 787 2742 usu3
809 2663 840 2726 in
864 2663 923 2728 has
945 2683 996 2728 res
1019 2684 1102 2729 nunc
1125 2667 1307 2730 accuratius

133 2765 357 2848 inquirendum
380 2769 437 2829 est.
465 2766 579 2847 Neque
601 2765 700 2848 igitur
724 2766 888 2830 enuntiato
913 2768 972 2848 λῆς
993 2788 1050 2849 μοι
1073 2757 1192 2846 daleam
1216 2766 1308 2851 (ud),

134 2867 220 2952 quod
240 2868 401 2932 Meinekio
426 2866 467 2951 (p.
484 2867 558 2949 264)
582 2865 712 2950 quidem
734 2868 781 2931 ita
804 2868 970 2932 offensioni
993 2867 1063 2949 fuit,
1085 2872 1121 2932 ut
1143 2870 1308 2935 emendari

134 2971 271 3036 volucrit
292 2973 348 3052 λῇς
366 2993 423 3052 μοι
444 2970 575 3054 ἐρεῖσαι,
598 2971 701 3034 inesse
717 2970 961 3053 ambiguitatem
978 2969 1138 3053 quandam
1154 2971 1308 3055 loquendi

134 3074 247 3157 negari
275 3078 395 3156 potest;
425 3093 498 3136 narn
529 3092 600 3136 cum
629 3071 792 3137 Menalcas
822 3071 1050 3137 adhortaturus
1080 3073 1122 3137 sit
1144 3070 1308 3158 Daphnim

135 3175 177 3240 ad
201 3180 361 3241 certamen
384 3174 528 3255 canendi,
550 3179 586 3238 ut
614 3180 727 3258 postea
756 3176 967 3258 intellegitur,
996 3176 1024 3240 is
1052 3196 1113 3240 non
1143 3177 1309 3243 commode

135 3278 227 3344 dicit:
250 3281 307 3361 λῇς
328 3301 385 3360 μοι
409 3272 527 3356 άεῑσαι;
554 3282 716 3361 tamquam
740 3279 767 3342 si
790 3278 871 3342 alter
894 3276 1050 3343 delectari
1072 3277 1152 3343 velit
1174 3279 1309 3346 alterius

136 3386 240 3463 cantu,
262 3387 298 3445 ut
320 3382 344 3462 I,
361 3382 398 3444 11
416 3399 462 3463 sq.
485 3381 619 3464 Thyrsis
642 3381 821 3464 caprarium
843 3381 1021 3464 interrogat
1038 3383 1309 3464 λῇς-σορὶοδεν

136 3484 189 3549 vel
210 3485 235 3565 I,
255 3484 294 3548 61
319 3484 483 3567 caprarius
506 3502 540 3547 se
564 3483 717 3566 Thyrsidi
743 3484 890 3566 poculum
921 3483 1127 3547 artificiosum
1157 3483 1308 3550 daturum

137 3605 206 3652 esse
228 3586 425 3670 promittens,
447 3585 474 3650 si
498 3605 624 3649 carmen
646 3585 727 3649 illud
758 3585 799 3650 de
821 3585 1003 3669 Daphnidis
1032 3584 1196 3651 doloribus
1228 3589 1309 3653 ceci·

136 3689 228 3769 norit,
250 3688 350 3753 utitur
368 3689 418 3753 his
434 3688 553 3752 verbis:
576 3685 654 3752 αἲκά
674 3710 731 3770 μοι
753 3685 792 3752 cd
818 3689 916 3768 φίλος
938 3684 998 3752 τὸν
1021 3685 1179 3770 ἐφίμερον
1202 3681 1309 3773 ὕμνον

137 3780 258 3873 deicae,
295 3791 436 3873 itemque
474 3790 586 3873 sensit,
624 3791 679 3873 qui
716 3791 914 3874 epigramma
948 3790 977 3854 V
1010 3791 1201 3874 composuit,
1235 3812 1309 3857 usus

138 3893 234 3957 etiam
257 3892 371 3958 iisdem
393 3892 513 3958 verbis:
536 3897 602 3975 Λῂς
624 3893 705 3957 ποτὶ
728 3896 791 3956 τᾶν
813 3896 961 3975 Νυμφᾶν
983 3889 1133 3975 διδύμοις
1157 3885 1309 3959 αὐλοῖσιν

138 3985 243 4059 deloco
262 3999 267 4077 Ι
288 3987 350 4059 ἁδύ
382 3995 414 4058 τί
445 4018 514 4078 μοι;
548 3987 643 4081 κήγὼ
678 3988 813 4060 auxatd’
846 3987 1040 4083 ἀειράμενος
1059 3995 1063 4078 1
1084 3985 1247 4080 ἄρξεῦμαέ
1279 4020 1309 4060 τι

138 4099 277 4180 κρέκειν,

137 4237 169 4280 m
192 4218 308 4300 quibus
330 4217 372 4283 de
395 4217 531 4283 canendi
558 4219 730 4283 certamine
757 4239 819 4283 non
846 4219 900 4301 agi
929 4222 1072 4302 apparet.
1116 4219 1209 4297 Quae
1240 4240 1308 4284 cum

137 4319 184 4384 ita
207 4321 270 4386 sint
293 4341 427 4403 cumque
450 4321 587 4386 sciamus
619 4322 851 4405 epigrammata
873 4321 1011 4406 plurima
1033 4320 1205 4387 Theocrito
1229 4322 1308 4388 falso
