2866 4822
129 262 170 325 30

129 429 249 496 oodiois
272 450 295 495 s.
340 431 540 513 Quamquam
569 428 709 494 medium
740 425 954 514 θησεύμεσθο
983 429 1111 492 minime
1142 428 1301 494 offendere

129 538 238 598 eontra
260 533 456 598 Meinekium
483 533 502 597 l.
522 533 542 596 l.
569 552 599 615 p.
615 534 677 597 476
708 537 741 596 et
771 531 1046 595 Brinke1·uml.l.
1075 530 1302 612 contendimus,

128 639 204 718 quia
235 635 509 719 interpretandum
540 642 602 700 est:
634 633 733 718 ,quod
755 635 931 718 praemium
955 634 1065 698 nobis
1088 633 1302 718 deponemus’,

128 759 210 821 quae
243 739 292 802 vis
326 739 358 801 in
392 738 592 820 sequentium
625 758 773 802 versuum
808 737 917 801 formis
951 739 1061 821 θηοοῖ,
1095 739 1213 821 θροεῖς
1247 744 1301 802 eto.

127 845 239 923 aperte
268 861 329 904 non
359 841 453 919 inest,
484 843 591 904 tamen
614 840 736 903 numeri
759 825 870 904 uersus
893 844 966 903 sunt
988 860 1105 922 magna
1127 841 1301 923 asperitate

128 948 160 1008 et
183 943 363 1008 insolentia.
400 941 447 1006 uf.
464 942 599 1005 Meinek.
616 942 634 1005 l.
649 942 669 1006 l.
685 963 714 1025 p.
731 943 806 1006 476:
829 962 945 1024 ,neque
965 941 1125 1024 spondeus
1140 942 1174 1005 in
1191 947 1301 1024 quarto

127 1043 211 1130 pede
234 1043 366 1109 defendi
388 1045 520 1127 potest'3
543 1044 691 1108 similiter
706 1042 851 1108 iudioant
867 1044 970 1108 Hiiler
985 1044 1005 1108 l.
1021 1044 1040 1108 l.
1056 1048 1089 1108 et
1104 1045 1245 1109 Brinker
1255 1045 1275 1109 l.
1286 1045 1302 1108 l.

126 1168 156 1231 p.
174 1149 213 1212 19
230 1152 263 1212 et
278 1148 327 1211 24.
372 1146 418 1211 ef.
434 1146 532 1210 etiam
548 1147 660 1210 Kunst.
676 1147 696 1210 l.
712 1146 731 1211 l.
751 1167 781 1229 p.
797 1148 836 1211 55
850 1166 930 1229 sqq.;
955 1146 1173 1230 exemplorum
1188 1154 1301 1228 tamen,

128 1270 211 1333 quae
243 1250 289 1313 ibi
320 1249 456 1314 oolleota
485 1247 630 1314 videmus
665 1248 709 1332 (in
740 1249 854 1332 quibus
884 1248 1044 1333 spondeus
1073 1248 1168 1332 pedis
1199 1251 1302 1333 quarti

126 1353 315 1435 insequente
337 1351 491 1417 incisione
513 1351 659 1434 legitur),
689 1352 841 1416 nonnulla
863 1350 1066 1435 segreganda
1088 1359 1249 1435 putamus,
1270 1358 1302 1417 nt

126 1456 191 1537 Lu.
210 1456 270 1519 130
292 1454 366 1519 alia.
411 1453 532 1518 Eodem
555 1453 695 1535 aceedit,
724 1459 760 1518 ut
782 1455 809 1518 si
831 1458 960 1537 poetam
983 1455 1087 1538 ipsum
1111 1454 1151 1518 de
1176 1476 1211 1519 re
1235 1477 1301 1539 per-

128 1562 299 1639 contemur,
314 1557 347 1620 in
362 1556 527 1621 enuntiato
543 1557 678 1621 relativo
695 1557 854 1640 particula
870 1579 929 1620 κεν
940 1557 1134 1639 requirenda
1145 1557 1301 1639 videatur,

127 1660 256 1724 tametsi
287 1679 349 1724 non
371 1658 538 1723 abundant
560 1659 629 1723 eius
651 1660 777 1742 generis
801 1659 960 1742 exemplam
992 1660 1198 1724 inveniuntur
1222 1661 1301 1724 enim

127 1763 220 1828 haee:
242 1763 273 1826 in
297 1762 444 1845 genuinis
466 1760 544 1825 idn:
567 1761 713 1843 vl1,1oo
736 1758 858 1837 ἐσθλὸς
879 1759 974 1848 ἁνήρ1
1002 1755 1070 1845 μέγ’
1086 1754 1238 1844 ἄριστος,
1264 1757 1301 1828 ὃν

129 1857 208 1930 οὐδέ
230 1887 288 1929 κεν
312 1861 413 1932 αὐτὸς
435 1855 558 1928 ἀείδειν
577 1866 581 1947 i
605 1868 728 1944 Φοῖβος
751 1860 813 1928 οὖν
829 1860 987 1947 φόρμιγγι
1002 1860 1094 1947 παρὰ
1109 1861 1301 1946 τριπόδεοοι

127 1967 286 2051 μεγοὶροι.
331 1967 406 2048 XII,
419 1968 459 2030 14
488 1959 535 2042 ὥς
565 1988 624 2030 κεν
653 1956 671 2028 ὁ
697 1963 863 2041 Θεσσαλὸς
895 1966 997 2044 εἴποι,
1029 1967 1062 2030 in
1085 1967 1203 2032 ceteris
1226 1966 1300 2032 iou:

126 2070 234 2151 XXII,
246 2071 286 2133 64
317 2061 459 2153 ἄργυρος
487 2061 507 2152 ἢ
538 2069 587 2145 τίς
617 2066 791 2152 ὁμιοθός,
822 2067 914 2153 ἐρεῖς,
938 2056 966 2152 ᾧ
988 2069 1047 2133 κέν
1069 2089 1104 2133 οε
1127 2070 1302 2152 πείθοιμεν·

128 2170 274 2257 (attende
296 2172 357 2236 hoo
379 2172 573 2255 exemplum,
600 2172 632 2235 in
656 2192 718 2254 quo
741 2172 901 2236 sententia
923 2171 998 2236 huie
1021 2172 1186 2236 simillima
1208 2172 1301 2236 simili

129 2274 223 2340 modo
246 2272 398 2358 effertur).
442 2273 544 2354 XXV,
556 2276 597 2339 49
621 2269 660 2338 ού
676 2296 732 2356 μοι
748 2269 878 2356 φράσον
901 2311 943 2319 -
967 2264 1056 2348 ὅστις
1072 2266 1123 2337 ἐπ’
1140 2265 1301 2357 ἅγροοτῶν

127 2373 355 2461 γεραρώτερος
371 2370 581 2461 αἰουμνὴτης,
598 2363 626 2459 ᾧ
641 2399 677 2439 κε
693 2371 734 2439 τὸ
748 2375 808 2459 μὲν
824 2375 958 2459 εἴποιμι.
990 2375 1037 2440 Of.
1052 2376 1155 2458 XXV,
1168 2375 1251 2461 (11.1)
1264 2413 1301 2422 —

127 2480 242 2562 Itaque
271 2479 408 2544 fortasse
430 2477 712 2562 prudentissimum
736 2482 784 2542 est
807 2479 924 2542 reverti
948 2476 991 2542 ad
1014 2480 1206 2562 scripturam
1228 2481 1301 2542 Am·

127 2582 268 2647 bresiani
284 2581 334 2665 (k)
358 2587 390 2645 et
407 2580 555 2646 Vatieani
572 2578 630 2664 (m)
646 2618 688 2624 -
703 2580 840 2645 Medioei
856 2579 902 2666 (p)
918 2582 1076 2664 seriptum
1091 2602 1152 2645 non
1168 2582 1301 2646 multum

128 2684 238 2749 differt
267 2706 286 2749 a
317 2683 428 2750 eodioe
458 2702 473 2748 s
503 2721 557 2766 —‚
587 2689 623 2747 ut
645 2684 688 2748 sit
710 2683 813 2748 altera
836 2703 946 2749 versus
968 2703 1044 2768 pars
1067 2675 1159 2761 ὅστις
1180 2677 1211 2768 χ’
1227 2674 1302 2768 ἁμῖν

129 2781 243 2871 ἄρκιος
272 2786 321 2871 εἴη
352 2793 384 2852 et
413 2787 445 2850 in
468 2787 573 2870 priore
599 2792 699 2851 restet
721 2807 802 2851 nnus
824 2786 922 2853 verbo
950 2787 1118 2853 inserendo
1145 2786 1303 2872 dactylus.

129 2889 194 2955 Sed
217 2890 270 2954 hio
292 2890 474 2970 haeremus3
505 2911 577 2954 nam
601 2910 705 2972 neque
727 2889 881 2954 traditum
905 2883 1085 2974 tanaupat'
1108 2890 1250 2972 quadrat
1272 2892 1303 2954 in

128 3012 276 3057 numeros
298 3013 402 3075 neque
426 2991 533 3057 dioere
555 3011 735 3075 possumne,
765 3012 847 3074 quae
871 2992 937 3057 alia
959 2992 1049 3057 verbi
1071 2993 1175 3057 forma
1198 2993 1303 3059 versui

128 3094 394 3162 accommodetur.
438 3095 556 3159 Verum
586 3094 715 3177 quidem
745 3095 880 3177 eogitari
908 3115 970 3159 non
992 3095 1102 3176 debet,
1133 3096 1160 3160 si
1185 3097 1303 3180 quain

127 3205 267 3263 mentem
289 3198 398 3263 veniat
421 3197 526 3278 alioui,
550 3197 722 3262 deformis
744 3188 909 3284 opuopso'
925 3197 978 3262 vel
1000 3191 1152 3281 θήσομεν
1175 3218 1303 3282 prorsus

127 3301 242 3366 alienis
271 3321 291 3364 a
321 3298 462 3365 dialecto
492 3300 693 3364 Theooritea.
737 3300 787 3363 An
817 3301 1067 3365 versifioatorem
1096 3300 1132 3364 id
1162 3322 1198 3366 re
1228 3322 1303 3367 vera

127 3403 264 3469 fefellit?
307 3405 455 3486 Denique
477 3423 576 3467 unum
596 3403 752 3485 reliquum
776 3408 841 3485 est,
864 3402 949 3486 quod
971 3404 1122 3468 miramur
1144 3404 1178 3468 in
1200 3425 1302 3470 versu.

127 3507 178 3572 Ex
198 3507 329 3572 vocibus
351 3506 435 3570 enim
458 3507 533 3570 τίνα
555 3543 598 3550 -
620 3498 710 3583 ὅστις
733 3543 774 3551 -
797 3497 913 3589 ἄρκιος
935 3511 1071 3590 apparet
1094 3500 1219 3584 ἄεθλος
1235 3506 1302 3592 (pro

21 3634 23 3638 ¹
128 3601 267 3693 ἄεθλον)
297 3608 473 3693 praemium
503 3608 686 3673 certaminis
715 3609 747 3671 in
777 3609 922 3673 versibus
952 3609 1007 3691 qui
1037 3606 1234 3673 antecedunt
1257 3611 1302 3673 in·

128 3711 346 3795 tellegendum
376 3730 459 3792 esse3
488 3717 599 3776 eontra
628 3711 712 3776 hune
742 3712 830 3776 voeis
856 3718 948 3776 usum
974 3716 1120 3796 pugnant
1142 3710 1206 3778 duo
1229 3712 1302 3779 loei:

129 3813 170 3878 id.
188 3815 212 3896 Ι,
224 3815 256 3879 3:
278 3811 362 3898 μετὰ
384 3817 481 3879 Πᾶνα
504 3810 543 3879 τὸ
568 3811 727 3898 δεύτερον
750 3806 863 3878 ἆθλον
886 3805 1009 3896 οἱποιοῇ
1025 3820 1058 3878 et
1073 3812 1115 3878 id.
1131 3815 1240 3898 XXII,
1252 3817 1291 3881 70

214 4019 235 4085 ¹)
254 4017 334 4082 Quod
357 4018 422 4071 lieet
445 4018 577 4088 Hemone,
601 4035 655 4072 non
677 4033 786 4086 semper
810 4017 885 4072 licuit
909 4017 1069 4082 Theocrito;
1093 4017 1128 4071 ot.
1147 4018 1178 4072 11.
1193 4019 1227 4088 V,
1246 4023 1300 4073 303.

128 4102 231 4173 XXIII,
244 4107 302 4157 494.
331 4101 377 4156 Ad
389 4104 501 4157 Homeri
518 4103 670 4172 exemplum
684 4103 865 4171 compositum
884 4108 925 4157 est
937 4103 973 4157 id.
985 4104 1072 4174 XXV,
1090 4104 1184 4172 itaque
1201 4121 1228 4159 v.
1242 4108 1301 4159 219:

130 4182 216 4243 ὅντιν’
228 4185 353 4260 ἐροίμην.
366 4220 399 4228 -
417 4191 507 4244 Locus
524 4191 561 4243 id.
574 4190 634 4258 XV,
648 4195 693 4244 94:
711 4183 750 4256 μὴ
769 4182 826 4258 φύη
847 4191 1004 4252 Mammiae
1023 4183 1054 4252 ὃς
1074 4181 1156 4256 ἁμῶν
1167 4183 1302 4262 καρτερός

128 4270 171 4346 εἴη
188 4271 262 4330 nutv
279 4271 342 4340 ἑνός
366 4279 536 4347 aliquatenus
557 4277 656 4346 probat
674 4278 690 4330 l.
709 4279 755 4330 id.i
774 4277 866 4342 VIlIi;
889 4278 939 4332 sed
957 4281 983 4330 in
1001 4277 1048 4332 illo
1069 4277 1210 4332 enuntiato
1227 4277 1301 4332 relat

129 4364 290 4434 copulantur
308 4364 377 4418 duae
396 4364 542 4418 verborum
560 4364 784 4419 constructiones.
804 4395 837 4401 -
855 4363 896 4421 Cf.
915 4359 1034 4418 wanlin.
1053 4363 1070 4417 l.
1089 4363 1106 4416 l.
1124 4380 1151 4434 p.
1166 4367 1207 4419 19.
1225 4394 1259 4403 -
