2866 4822
126 244 168 310 68

127 415 197 479 vita
228 414 297 479 eius
330 414 561 496 exstinguatur.
612 414 650 477 In
683 414 745 479 hac
778 413 877 496 igitur
910 431 1014 477 rerum
1049 411 1237 478 condicione
1269 419 1297 476 et

127 521 314 600 argumento
337 520 483 582 versatur
506 515 617 580 fabula
640 514 846 600 Daphnidea‚
877 536 972 598 quam
995 514 1124 599 quidem
1154 535 1176 580 a
1197 514 1297 579 Theo·

127 620 207 686 crito
229 624 401 685 tractatam
425 619 692 702 cognoscamus1).

212 755 393 820 Redeamus
429 775 512 821 nuno
548 753 591 819 ad
624 755 745 820 exitum
778 754 885 840 idyllii
920 755 1012 836 VIII,
1048 754 1134 819 unde
1170 753 1298 819 deflexit

127 859 238 923 oratio.
281 859 353 923 Non
376 856 509 923 dubium
531 861 588 938 est,
615 858 691 939 quin
721 858 748 922 is
779 859 833 940 qui
856 877 966 922 versus
989 858 1028 921 92
1052 861 1086 921 et
1108 857 1150 922 93
1182 856 1298 922 adscri-

127 962 192 1045 psit
213 962 327 1025 mirum
348 965 502 1043 quantum
522 959 683 1043 discrepet
702 959 743 1024 ab
765 980 804 1024 ea
820 960 950 1024 fabulae
966 958 1069 1024 forma
1084 979 1182 1043 quam
1199 959 1299 1024 Theo·

127 1065 226 1129 critus
253 1063 413 1146 expressit
443 1067 540 1144 atque
571 1063 711 1127 excoluit
741 1062 946 1141 carminibus,
976 1067 1012 1126 ut
1043 1082 1105 1127 non
1134 1061 1298 1127 eradamus

127 1166 210 1231 huno
248 1184 318 1230 esse
354 1185 503 1230 versuum
540 1169 710 1230 auctorem.
768 1165 938 1229 Enimvero
980 1185 1042 1229 non
1083 1163 1299 1248 discrepantia

127 1267 227 1333 solum
250 1266 392 1332 nascitur
422 1267 483 1332 hoc
513 1266 591 1348 loco,
621 1265 679 1332 sed
709 1267 850 1349 ineptiae
881 1267 978 1331 etiam
1008 1266 1121 1331 illatae
1153 1265 1298 1331 videntur

128 1369 265 1451 fabulae,
292 1389 374 1452 quae
404 1368 548 1434 sollertia
576 1369 707 1433 inventa
739 1375 772 1433 et
805 1369 913 1452 lepore
947 1368 1100 1433 distincta
1133 1373 1196 1448 est3
1231 1389 1297 1432 nam

127 1472 288 1555 Daphnim
311 1471 418 1537 facere
445 1470 615 1536 ducentem
642 1471 816 1554 nympham
846 1492 978 1536 uxorem
1007 1470 1094 1536 idem
1124 1476 1175 1536 est
1205 1477 1298 1554 atque

126 1575 190 1640 vim
213 1574 344 1639 fabulae
368 1579 424 1639 aut
445 1578 629 1656 pervertere
656 1581 714 1638 aut
743 1573 884 1655 demere3
914 1594 1017 1657 neque
1040 1594 1115 1638 vero
1139 1574 1209 1639 ulla
1238 1574 1298 1638 alia

126 1698 159 1742 re
182 1677 218 1740 lit
239 1676 438 1741 manifestior
465 1697 563 1760 opera
590 1675 830 1758 interpolatoris
860 1676 1053 1760 insipientis,
1083 1676 1139 1758 qui
1172 1675 1297 1758 quidem

125 1780 321 1863 elegantiam
342 1778 474 1843 fabulae
496 1778 580 1843 male
603 1779 692 1843 novit
714 1783 746 1842 et
768 1799 882 1862 parum
904 1778 1043 1863 sensit).

210 1915 358 1997 Denique
385 1913 562 1979 attendatis
584 1914 681 1979 velim
710 1916 831 1980 animos
861 1914 904 1980 ad
927 1915 1017 1997 illud,
1044 1916 1131 1998 quod
1155 1918 1297 2001 Daphnis

125 2016 300 2082 amatorius
334 2020 367 2080 et
397 2017 638 2098 γυιάικοφίλας
669 2015 700 2079 in
732 2016 788 2081 illo
819 2015 949 2099 quidem
983 2017 1127 2100 elegiaco
1162 2020 1297 2083 carmine

126 2123 337 2202 congruenter
360 2138 430 2182 eum
458 2139 508 2182 vv.
528 2120 640 2199 92f93,
667 2117 886 2202 discrepanter
908 2140 927 2184 a
950 2140 1028 2184 vera
1055 2119 1168 2185 fabula
1190 2120 1297 2205 depin-

125 2222 225 2304 gitur,
262 2219 320 2284 sed
353 2219 439 2284 idem
471 2221 504 2283 in
538 2220 639 2284 altero
673 2225 769 2285 cantu
802 2221 989 2285 hexametro
1027 2220 1238 2305 pudibundus
1269 2227 1297 2287 et

126 2323 250 2407 puellas
273 2323 400 2405 fugiens
426 2322 567 2387 invicem
594 2329 804 2405 congruenter
831 2343 902 2389 cum
928 2325 1000 2407 ipsa
1030 2324 1157 2406 fabula,
1183 2324 1297 2391 disere

126 2429 242 2509 panter
264 2446 284 2489 a
306 2445 356 2488 vv.
372 2425 470 2505 92r93
494 2425 662 2506 cogitatur.

210 2560 278 2625 Iam
311 2559 455 2642 singulas
488 2579 539 2623 res
569 2579 651 2642 quae
681 2558 987 2625 animadvertendae
1016 2560 1147 2626 fuerunt
1180 2562 1212 2627 in
1243 2563 1296 2628 hoo

126 2663 265 2728 carmine
301 2661 533 2745 pedetemptim
571 2669 603 2726 et
640 2659 802 2743 gradatim
838 2663 1115 2746 pertractavimus.
1180 2664 1296 2744 Quodsi

125 2765 231 2829 omnia
274 2762 381 2828 adhuc
425 2763 606 2828 deliberata
643 2769 740 2845 atque
785 2764 960 2848 explanata
1003 2767 1297 2850 comprehendimus

126 2886 344 2949 summamque
367 2867 471 2931 exiis
494 2865 685 2948 conficimus,
712 2865 753 2930 de
776 2865 890 2950 idyllio
914 2867 993 2931 VIII
1021 2867 1231 2936 iudicandum
1254 2874 1297 2936 est

125 2968 160 3033 id
183 2967 269 3052 quod
290 2968 394 3033 tribus
417 2968 633 3053 exprimamus
656 2968 824 3033 sententiis
847 2968 910 3034 his:

212 3188 233 3256 ¹)
263 3187 330 3242 Cum
359 3187 410 3241 hac
437 3186 544 3241 fabulae
572 3188 737 3256 cogitatione
767 3188 905 3243 luculente
935 3189 1015 3244 etiarn
1046 3192 1177 3246 convenit
1204 3208 1297 3248 sensus

126 3272 241 3340 nativus,
260 3273 307 3341 qui
323 3272 440 3327 fortasse
458 3272 484 3327 ei
501 3272 597 3327 subest
616 3277 643 3327 et
661 3273 719 3328 fere
736 3274 825 3328 subici
843 3274 926 3329 solet:
945 3275 1067 3343 Daphnis
1086 3282 1177 3332 autem
1189 3284 1299 3347 putatur

127 3358 216 3428 imago
239 3359 309 3412 nivis
321 3374 411 3412 -verno
429 3363 554 3426 tempore
572 3358 738 3414 tabescentis
758 3360 802 3413 vel
821 3361 929 3415 omnino
951 3361 1047 3415 hiemis
1070 3364 1199 3418 exeuntis
1217 3364 1298 3434 (cogi-

126 3442 237 3496 tundum
256 3448 299 3496 est
316 3442 351 3496 de
369 3442 431 3497 ahts
454 3443 592 3498 montibus
615 3445 758 3512 regionum
781 3444 996 3499 meridionalium
1019 3447 1169 3514 praecipue
1192 3449 1298 3502 nivibus

128 3528 241 3594 opertis3
266 3527 300 3581 cf.
319 3528 355 3581 id.
374 3528 422 3595 XI,
435 3534 467 3582 48
487 3533 515 3582 et
532 3528 595 3596 VII,
610 3533 641 3583 76
654 3530 734 3597 squ).
770 3530 865 3584 Altera
883 3530 964 3583 huius
987 3528 1096 3586 fabulae
1113 3532 1298 3602 interpretatio

128 3613 329 3678 speciosissima
347 3613 426 3667 datur
443 3630 460 3667 a
477 3614 507 3666 P.
520 3614 681 3680 Decharme‚
699 3614 716 3668 l.
729 3614 746 3668 l.
764 3632 792 3683 p.
805 3621 864 3685 461,
882 3616 924 3669 his
943 3615 1046 3670 verbis:
1065 3617 1218 3689 «Daphnis,
1236 3619 1299 3674 c’est

128 3695 197 3750 donc
215 3713 277 3752 sans
296 3697 379 3751 doute
396 3697 423 3751 le
441 3698 512 3752 beau
530 3697 609 3752 soleii
632 3699 687 3767 qui,
712 3700 816 3769 chaque
836 3702 908 3771 jour,
932 3699 982 3755 fait
998 3705 1085 3769 paitru
1108 3718 1155 3758 ses
1179 3703 1299 3759 brillantr

127 3785 286 3850 troupeaux,
305 3783 360 3851 qui,
378 3798 412 3836 au
430 3784 511 3836 matin
530 3783 565 3836 de
582 3798 613 3837 sa
630 3785 682 3851 vie,
701 3786 769 3839 aime
787 3785 903 3840 l’aurore
922 3791 950 3839 et
968 3801 1001 3840 en
1019 3791 1063 3842 est
1078 3787 1157 3858 aime,
1175 3790 1224 3857 qui
1241 3789 1299 3858 plus

127 3867 188 3920 tard
205 3868 337 3937 s’dloigne
355 3868 444 3934 d’elle,
463 3870 516 3937 quI,
541 3885 611 3936 pour
633 3871 693 3938 prix
711 3871 746 3924 de
764 3887 814 3925 son
838 3870 978 3940 lnfiddlitd,
1003 3877 1045 3928 est
1063 3875 1181 3943 uveugle
1205 3891 1256 3944 par
1276 3875 1299 3929 la

126 3953 184 4007 nuit
208 3958 235 4007 ct
259 3953 391 4021 disparsit
414 3954 520 4008 bientdt
546 3955 665 4010 derriere
688 3957 727 4011 les
751 3957 847 4012 hautes
872 3959 982 4013 cimas»
999 3990 1032 3996 -
1055 3960 1161 4015 Fabula
1184 3960 1298 4016 fortasse

126 4052 179 4092 non
202 4038 230 4091 in
254 4038 312 4107 ipsa
329 4038 421 4093 Sicilia
442 4044 506 4094 nata
529 4046 578 4094 est.
615 4040 654 4094 Oi.
673 4042 702 4096 0.
721 4043 764 4095 Fr.
783 4043 927 4096 Hermann.
945 4043 963 4097 l.
975 4044 992 4098 l.
1011 4061 1038 4112 p.
1053 4049 1084 4098 19
1108 4044 1144 4099 de
1168 4047 1299 4101 sententia

126 4121 243 4177 fabulae.
262 4154 294 4160 —
313 4123 380 4178 (ium
404 4124 585 4180 Theocritcae
608 4123 715 4180 fabulae
740 4128 919 4195 conceptione
944 4129 1071 4198 congruit
1093 4129 1297 4200 Vergilianum

127 4208 397 4277 &dmm-

212 4312 233 4379 ²)
252 4309 293 4365 of.
312 4310 392 4365 etiarn
411 4311 515 4366 Fairon.
534 4312 551 4364 l.
565 4313 581 4365 l.
600 4329 627 4381 p.
641 4320 697 4367 2²44.
