2866 4822
1263 261 1303 324 61

124 435 260 516 propter
283 455 303 495 α
331 429 520 515 productum
552 429 686 495 offendit
709 429 889 495 Meinekius
919 428 1076 494 adnotans
1107 429 1139 511 (1.
1158 429 1178 493 1.
1197 450 1227 513 p.
1243 432 1305 494 468

124 531 225 598 adh.
250 535 304 615 vi:
334 533 405 615 ,Tu
429 525 514 598 ὅκκα
544 537 726 598 constanter
752 533 785 596 in
812 532 925 597 ultima
952 533 1135 616 corripere'3
1164 531 1220 597 sed
1249 532 1305 597 ille

125 656 242 721 parum
264 635 438 719 diligenter
461 635 502 701 de
525 656 564 701 ea
586 655 620 700 re
643 639 848 720 percontatus
871 639 921 700 est
942 639 1079 719 potitam,
1101 634 1189 719 apud
1211 656 1305 718 quern

125 758 179 804 res
201 739 250 803 ita
271 758 306 802 se
328 737 440 802 habet:
464 730 550 802 ὅκκα
572 758 643 803 cum
666 737 799 802 elisione
821 737 942 803 vocalis
965 761 985 801 α
1007 737 1160 822 scriptum
1183 743 1232 802 est
1255 737 1306 803 his

124 840 220 906 locis:
244 842 269 922 l,
285 842 334 906 87.
357 841 411 922 IV,
427 841 477 904 56.
499 840 569 921 XV,
586 841 660 919 1443
684 832 772 904 ὅκκα
792 837 918 922 γλυκύς
940 839 1059 923 legitur
1082 841 1114 903 in
1136 840 1193 921 XI,
1208 842 1249 904 22
1272 845 1306 904 et

126 944 178 1024 23,
201 941 260 1007 sed
284 935 369 1006 ὅκκᾶ
393 937 526 1006 idoare
553 941 585 1005 in
613 942 667 1023 IV,
687 944 741 1022 21,
771 947 882 1007 contra
912 941 999 1024 quod
1029 942 1209 1026 exemplum
1240 947 1306 1007 stat

125 1045 181 1110 hic
204 1045 293 1110 locus
317 1037 403 1109 ὅκκα
424 1037 544 1122 adium
570 1044 660 1126 atqui
689 1048 722 1108 et
743 1043 873 1127 longum
901 1064 1026 1127 quoque
1050 1069 1070 1108 α
1096 1045 1200 1129 potuit
1227 1044 1305 1109 elidi

126 1152 160 1211 et
184 1139 272 1209 ὅκκα
302 1150 499 1212 contractum
529 1150 578 1211 est
608 1167 648 1210 ex
680 1137 742 1209 ὅκα
769 1154 826 1224 κα,
857 1151 892 1211 ut
914 1147 1037 1212 Hillero
1067 1146 1305 1212 assentiendum

126 1250 170 1315 sit
194 1248 316 1314 dicenti
340 1247 395 1331 (ad
418 1248 449 1313 h.
464 1247 519 1332 n.):
550 1239 652 1330 ,ὅκκᾶ
679 1249 722 1313 ist
752 1248 805 1314 die
835 1253 976 1314 correcte
999 1250 1170 1333 Messung'.
1214 1249 1305 1314 ldem

126 1357 296 1417 senserunt
319 1350 497 1416 Buecheler
520 1350 587 1435 (1.1.
607 1372 636 1435 p.
652 1349 727 1436 348)
751 1355 784 1415 61
806 1351 944 1416 Brinker
967 1350 1008 1435 (p.
1029 1351 1091 1436 29).
1136 1353 1243 1434 Atque
1270 1358 1305 1417 ut

127 1453 163 1518 αἲ
186 1460 230 1516 κᾶ
252 1472 378 1536 semper
400 1477 421 1516 α
442 1451 597 1536 producto
621 1452 673 1538 (cf.
693 1454 718 1535 l,
738 1456 766 1517 4.
787 1454 814 1518 5.
835 1456 863 1518 9.
884 1456 933 1518 61.
956 1454 992 1518 V.
1013 1457 1063 1519 21.
1086 1455 1156 1535 Vll,
1176 1457 1226 1519 55.
1248 1456 1305 1535 XI,

126 1557 184 1639 61)
199 1555 307 1639 posuit
329 1560 434 1638 potita,
456 1559 600 1620 attamen
624 1554 688 1620 cix'
703 1556 831 1639 scripsit
854 1580 875 1619 α
897 1556 976 1621 eliso
991 1557 1028 1638 V,
1044 1557 1093 1637 51,
1116 1557 1162 1621 ita
1177 1576 1305 1640 prorsus

126 1655 244 1722 eadem
272 1657 396 1721 ratione
426 1657 522 1722 scribi
557 1655 670 1722 debuit
703 1649 790 1721 ὅκκα
823 1662 856 1722 61
888 1658 993 1741 potuit
1026 1662 1133 1723 tamen
1164 1683 1184 1722 α
1214 1658 1305 1723 elidi:

126 1761 265 1843 Egomet
292 1759 391 1842 igitur
420 1778 533 1825 censeo
563 1760 681 1824 rectius
710 1749 797 1823 ὅκκα
825 1759 1020 1824 metiendum
1051 1760 1151 1826 fuisse
1180 1761 1305 1844 potitae,

126 1860 186 1927 sed
208 1861 416 1927 nihilominus
439 1861 545 1927 eidem
566 1861 696 1927 licuisse
719 1862 858 1927 scribere
882 1855 968 1926 ὅκκᾶ
990 1868 1087 1945 atque
1111 1865 1209 1928 etiam
1231 1855 1305 1928 ὅκκ’

126 1965 256 2030 abiecto
281 1988 311 2044 α,
334 1964 429 2030 sicuti
452 1964 573 2029 laetum
596 1970 646 2029 est
655 1964 685 2049 ¹).

216 2085 298 2147 Turn
321 2103 415 2149 versu
438 2085 492 2149 73:

229 2199 290 2278 τὰς
312 2198 461 2286 δαμάλας
482 2204 678 2286 παρελᾶντα
701 2198 806 2267 καλὸν
826 2197 932 2267 καλὸν
954 2189 1035 2290 ἦμεν
1058 2200 1202 2285 ἔφασκεν

127 2323 247 2389 collato
272 2342 343 2387 omn
365 2320 408 2386 id.
424 2322 461 2403 V,
477 2324 530 2387 89:

274 2437 332 2517 τὰς
355 2435 447 2525 αἶγας
469 2443 664 2524 παρελᾶντα
686 2442 741 2504 καὶ
764 2439 827 2506 ἁδύ
849 2466 881 2505 τι
903 2440 1155 2507 constrictioris

126 2578 180 2662 (cf.
204 2579 302 2642 etiarn
327 2576 369 2642 id.
389 2578 519 2660 111‚of7
543 2581 575 2642 61
598 2576 640 2641 11.
659 2578 731 2660 XX,
751 2578 805 2663 30)
828 2579 1038 2643 imitationem
1063 2580 1094 2644 in
1117 2580 1168 2645 his
1190 2601 1247 2664 pro
1270 2603 1303 2645 re

126 2686 294 2765 comperta
316 2700 377 2744 non
406 2680 568 2762 habemus,
591 2682 780 2764 praesertim
811 2702 881 2745 cum
912 2681 1089 2746 identidem
1118 2683 1149 2746 in
1181 2683 1304 2767 idylliis

125 2783 211 2848 tales
234 2783 402 2848 verborum
425 2783 719 2865 sententiarumque
742 2784 949 2867 repetitiones
972 2785 1184 2865 inveniamus,
1207 2786 1246 2850 cf.
1268 2787 1303 2868 V,

127 2889 168 2952 88
192 2907 264 2951 cum
287 2886 394 2968 V1,6;
417 2923 458 2931 —-
480 2887 518 2967 V,
538 2887 578 2950 85
606 2907 677 2951 cum
701 2887 754 2968 Vl,
775 2889 807 2966 83
830 2925 871 2931 —
894 2887 931 2968 V,
950 2888 991 2951 89
1019 2908 1089 2952 curn
1117 2889 1175 2970 Ill,
1196 2892 1215 2952 6
1235 2909 1303 2971 sqq.

127 2989 180 3073 (cf.
204 2989 303 3054 etiam
325 3010 355 3072 p.
371 2991 412 3053 39
435 2989 465 3053 h.
481 2987 584 3072 disp).
608 3027 648 3034 -

214 3093 305 3170 Quae
335 3111 406 3157 cum
435 3091 483 3155 ita
512 3091 576 3156 sint
605 3112 739 3174 eumque
770 3096 937 3175 praeterea
967 3094 1071 3157 colore
1101 3094 1303 3159 161611166-

126 3195 228 3259 criteo
252 3193 378 3276 singula
393 3192 534 3259 disticha
549 3192 717 3259 videamus
737 3200 858 3275 ornata,
880 3214 941 3258 non
963 3200 1021 3277 est,
1044 3217 1098 3259 cur
1119 3216 1172 3261 eos
1192 3217 1303 3261 versus

126 3317 147 3360 a
169 3300 268 3380 potita
290 3296 469 3371 necessario
492 3295 758 3381 abiudicemus²);
781 3300 914 3381 possunt
936 3302 1041 3362 tamen
1066 3298 1163 3363 iidem
1187 3299 1302 3362 nihilo-

126 3399 233 3463 secius
255 3398 338 3463 alins
360 3399 500 3463 auctoris
523 3416 607 3478 esse;
634 3406 668 3463 at
696 3405 783 3465 certe
806 3387 878 3465 sunt
901 3405 1030 3485 po'c'tae,
1057 3422 1119 3464 non
1142 3401 1303 3466 versifica·
1385 3385 1388 3392 ’

126 3501 220 3580 toris3
243 3499 355 3583 quidni
378 3501 554 3583 cogitemus
576 3498 617 3564 de
640 3502 739 3566 Bione
769 3508 825 3567 aut
847 3503 990 3583 Moscho,
1021 3503 1140 3587 quippe
1171 3524 1303 3586 quorum

125 3602 284 3684 reliquiae
317 3623 430 3687 parurn
463 3607 557 3667 acute
587 3601 770 3687 dispicienti
804 3610 933 3688 propter
964 3606 1115 3671 orationis
1145 3611 1178 3670 et
1208 3627 1303 3689 argu-

125 3710 305 3769 mentorum
339 3704 582 3770 similitudinem
616 3706 763 3770 nimirum
793 3708 1005 3773 Theocriteae
1035 3707 1138 3772 videri
1171 3710 1303 3792 possint,

126 3813 162 3872 ut
187 3807 337 3892 exempla
359 3826 437 3872 sane
460 3806 689 3874 demonstrant.
712 3845 752 3854 —-
775 3809 883 3892 Atque
906 3809 1033 3875 eosdem
1057 3829 1168 3875 versus
1190 3816 1303 3894 postea

214 3995 236 4063 ¹)
255 3993 433 4048 Coniecturae
451 3993 533 4062 igitur
550 3995 604 4048 hoc
622 3994 684 4048 loco
701 4000 764 4049 sunt
780 3996 904 4062 inutiles;
923 3995 947 4048 si
959 4012 1013 4064 qua
1024 4011 1095 4063 opus
1107 4000 1157 4063 est,
1175 3995 1303 4049 Meinelrii

126 4079 295 4133 emendatio:
314 4071 376 4132 ὅκκ’
391 4065 426 4131 αὖ
444 4071 531 4132 πάλιν
549 4084 591 4133 est
609 4079 698 4134 facilis
716 4086 744 4134 et
762 4081 844 4146 bona;
864 4080 1016 4148 cf.1V,4e:
1043 4075 1077 4135 tt'
1091 4069 1126 4134 αὖ
1150 4074 1235 4133 πάλιν
1255 4073 1303 4133 ὅδε

125 4161 273 4233 notiorem.
291 4162 326 4231 V,
341 4168 397 4217 149.
414 4193 449 4202 -
467 4164 600 4218 Codicum
619 4165 636 4217 lr
655 4170 683 4219 et
702 4181 715 4218 s
731 4166 827 4219 lectio:
853 4159 915 4219 ὅκκ’
930 4158 965 4219 ἄν
982 4166 1113 4220 videlicet
1130 4173 1189 4220 orta
1207 4171 1250 4219 est
1268 4181 1302 4219 ex

125 4255 219 4303 mente
236 4248 376 4316 insipienti
394 4248 494 4303 veteris
512 4249 627 4303 alicuius
645 4251 820 4319 grammatici.
839 4281 873 4289 —

213 4335 236 4402 ²)
253 4332 331 4387 Idem
348 4331 452 4387 iudicat
470 4338 565 4388 contm
582 4333 703 4389 Brinlrer.
723 4334 804 4389 etiarn
822 4335 956 4404 Legrand.
974 4335 992 4388 1.
1004 4335 1022 4389 1.
1040 4351 1066 4403 p.
1083 4339 1121 4389 16.
1139 4363 1172 4372 -
