2866 4822
1261 271 1302 334 49

213 433 327 516 Neque
350 454 425 498 vero
456 433 627 499 defuerunt
649 435 709 500 viri
737 434 833 516 docti,
863 437 917 519 qui
941 437 997 500 alii
1020 438 1086 501 alia
1107 439 1230 502 ratione
1253 459 1303 503 res

125 535 212 600 inter
234 555 268 602 se
291 541 506 620 repugnantes
528 557 683 602 excusare
703 542 735 602 et
751 537 895 604 diversas
918 539 1106 604 concinnare
1129 540 1303 623 studerent,

125 637 186 704 sed
209 639 330 704 frustra
351 639 526 705 studerent.
556 641 700 724 Longum
722 646 772 706 est
795 642 909 723 omnia,
932 662 1014 724 quae
1037 642 1084 706 illi
1107 644 1140 707 in
1161 643 1303 708 medium

124 741 338 825 protulerunt,
369 742 476 808 verbis
503 743 652 826 persequi
681 741 732 827 (cf.
753 743 864 808 Hiller.
885 742 928 808 ad
951 765 979 808 u.
999 746 1039 808 45
1063 751 1096 809 01
1118 745 1302 810 Buecheler.

124 844 145 908 l.
161 845 182 908 1.
197 865 229 928 p.
245 843 334 928 352);
357 864 452 909 unum
475 849 582 910 tamen
606 844 691 928 quod
714 846 786 929 plus
809 845 937 910 videtur
959 845 1079 912 habere
1101 849 1303 913 austeritatis

124 967 166 1011 ne
188 947 496 1031 praetermittamus:
518 947 804 1031 Aquissowa1)
828 947 957 1030 quidem
981 947 1177 1014 defendendi
1205 971 1303 1015 causa

125 1070 199 1114 cum
222 1049 379 1113 aliatum
402 1050 497 1115 haee:
527 1050 572 1131 ,in
595 1049 752 1114 eiusmodi
775 1051 977 1131 carminibus,
1008 1051 1120 1134 inquit,
1149 1053 1303 1136 pleraque

124 1172 189 1215 11011
213 1172 255 1216 ex
278 1151 349 1235 ipsa
371 1151 570 1215 cantantium
593 1151 662 1216 vita
684 1171 755 1216 esse
777 1153 929 1236 repetita,
957 1152 1016 1217 sed
1038 1153 1126 1219 lusus
1149 1162 1182 1218 et
1205 1155 1302 1218 animi

125 1273 227 1319 causa
260 1253 344 1319 ultro
376 1253 453 1337 fingi
487 1258 520 1318 et
554 1253 730 1336 excogitari
738 1255 752 1318 ’.
811 1255 883 1332 Qua
919 1257 1079 1320 sententia
1112 1256 1302 1323 offensiones

125 1375 209 1439 quas
231 1355 476 1439 perstrinximus
499 1355 699 1438 aliquantum
722 1356 919 1438 tollerentur,
946 1357 1007 1423 nisi
1033 1379 1072 1423 ea
1099 1364 1184 1424 esset
1211 1359 1302 1424 falsa.

124 1459 212 1522 Nam
243 1463 390 1542 pastores
420 1457 452 1520 in
482 1457 709 1523 certaminibus
739 1478 778 1522 ea
808 1479 891 1540 quae
914 1460 1059 1525 versibus
1089 1482 1129 1524 ex
1159 1464 1302 1545 tempore

125 1559 240 1625 dicunt
267 1580 308 1624 ex
336 1579 394 1625 sua
416 1560 485 1624 vita
506 1560 637 1642 suisque
664 1560 760 1625 rebus
787 1580 911 1625 sumere
939 1566 972 1625 et
998 1562 1044 1625 rei
1072 1567 1189 1627 natura
1215 1565 1302 1628 evin-

125 1663 212 1728 citur
234 1666 267 1726 et
290 1662 477 1746 exemplis2)
508 1661 669 1727 discimus.
714 1660 807 1740 Quod
837 1661 922 1727 idem
952 1663 985 1726 in
1012 1662 1073 1729 hec
1103 1665 1302 1748 potissimum

125 1765 269 1830 carmine
302 1764 371 1828 fieri
403 1785 462 1848 per
494 1763 638 1847 singulas
672 1763 820 1848 strophas
857 1771 963 1848 potest
1001 1764 1135 1830 ostendi.
1189 1769 1303 1833 Nonne

124 1868 228 1950 igitur
249 1867 283 1930 in
305 1867 408 1950 prima
435 1871 468 1931 et
495 1865 637 1931 secunda
664 1867 796 1950 stropha
822 1873 968 1950 pastores
995 1888 1054 1932 sua
1080 1869 1220 1952 ipsorum
1248 1891 1302 1934 no-

124 1971 215 2033 mina
237 1969 444 2052 pronuntiant
465 1973 613 2052 petentes
636 1989 656 2032 a
678 1973 802 2050 natura,
825 1974 860 2033 ut
883 1969 1062 2034 ubertatem
1086 1971 1302 2054 pabulumque

124 2071 281 2156 gregibus
304 2071 369 2136 suis
392 2069 517 2135 alendis
539 2070 704 2153 largiatur,
727 2091 787 2135 11011
810 2072 843 2134 10
865 2072 963 2136 tertia
986 2077 1019 2136 et
1038 2077 1153 2154 quarta
1168 2079 1302 2156 uterque

125 2195 200 2240 cum
229 2179 364 2238 naturae
393 2174 628 2239 oblectamenta
656 2178 724 2237 tum
753 2175 887 2239 alterius
916 2174 1029 2239 laudat
1058 2175 1205 2257 delicias,
1239 2196 1302 2241 non

125 2278 160 2341 in
183 2277 297 2360 quinta
312 2276 474 2341 Menalcas
496 2276 566 2358 ipse
589 2275 761 2359 compellat
784 2296 915 2360 caprum
937 2296 1037 2359 suum,
1060 2278 1163 2343 virum
1185 2279 1301 2362 gregis,

126 2383 160 2444 et
183 2377 315 2459 haedos,
338 2398 400 2443 nou
422 2378 455 2441 in
477 2383 571 2442 sexta
598 2384 707 2461 pastor
734 2378 775 2442 de
806 2398 840 2442 se
871 2380 939 2463 ipse
968 2385 1090 2461 narrat,
1121 2400 1191 2444 cum
1223 2378 1302 2446 dicit

124 2477 170 2566 μή
187 2504 267 2563 μοι.
284 2530 311 2544 ..
328 2480 377 2564 εἴη
399 2485 432 2544 01
455 2471 573 2567 ᾄσομαι
596 2500 695 2562 seque
718 2486 920 2564 spernentem
942 2481 1075 2546 divitias
1098 2483 1301 2565 acquiescere

125 2583 212 2649 velle
246 2583 279 2647 in
312 2588 417 2664 cantu,
451 2602 572 2664 amore,
605 2602 704 2666 grege
738 2603 807 2663 suo,
840 2604 902 2648 non
934 2582 1073 2666 denique
1102 2586 1135 2648 in
1165 2585 1302 2668 septima

125 2684 261 2769 stropha
283 2683 431 2768 Daphnis
453 2684 560 2749 verbis
584 2677 624 2749 ori
646 2679 751 2767 μόνος
772 2681 927 2770 ἠράσθην
950 2705 983 2750 se
1007 2687 1109 2769 ipsum
1133 2687 1302 2771 perhibet?

126 2786 235 2866 Quid?
277 2786 456 2852 Wissowae
484 2791 517 2850 et
547 2806 664 2868 eorum,
695 2782 749 2869 qui
779 2787 926 2850 similiter
955 2787 1112 2869 iudicant,
1142 2790 1302 2853 sententia

126 2910 203 2954 num
219 2888 336 2954 clarius
351 2886 502 2971 redargui
518 2890 697 2970 [1010011-
709 2890 821 2971 Neque
837 2888 922 2970 quod
935 2890 1095 2955 Menalcas
1109 2889 1302 2975 (vulllsqq.)

126 2995 266 3076 apparet
288 2991 461 3075 caprarius,
483 2988 718 3056 accommodari
741 2989 886 3054 videmus
913 2990 955 3055 ad
982 2992 1118 3074 primum
1145 2992 1206 3058 hoc
1233 3014 1302 3058 car·

125 3114 209 3174 men,
232 3094 264 3156 in
287 3113 348 3175 quo
371 3093 427 3158 ille
448 3091 635 3177 producitur
658 3093 755 3176 opilio
778 3092 829 3173 (cl.
852 3096 915 3157 uh
937 3096 1027 3176 μᾶλα
1050 3095 1160 3176 νέμων
1183 3101 1216 3160 01
1238 3098 1301 3161 119

124 3191 254 3281 ποιμὴν
276 3191 469 3279 εἰροπόκων
492 3187 601 3277 ὀΐων),
631 3194 672 3259 de
702 3215 766 3278 qua
788 3193 1006 3279 discrepantia
1027 3197 1145 3279 insigni
1175 3202 1208 3262 et
1238 3218 1302 3262 me-

125 3298 276 3364 morabili
298 3302 411 3382 postea
433 3297 536 3363 fusius
558 3297 649 3363 nobis
672 3296 842 3362 dicendum
865 3298 934 3361 erit.

215 3401 413 3478 Quaeramus
445 3420 541 3481 nunc,
578 3405 684 3464 utrum
717 3400 906 3465 Theocritus
943 3401 985 3464 sit
1018 3405 1130 3466 auctor
1166 3401 1302 3485 elegiaci

125 3503 279 3569 carminis
301 3522 409 3568 1100110.
445 3503 487 3567 Et
510 3504 612 3586 primo
635 3509 767 3586 aspectu
790 3503 847 3568 hos
870 3524 980 3568 versus
1003 3524 1064 3568 non
1086 3503 1179 3568 modo
1202 3506 1301 3569 multo

125 3605 332 3671 artificiosius
356 3611 389 3670 et
418 3605 556 3670 numeris
585 3611 618 3669 et
648 3609 835 3688 argumento
865 3611 1003 3672 structos
1034 3626 1104 3670 esse
1133 3627 1228 3688 quam
1252 3628 1302 3672 11.

126 3708 243 3788 1-32,
273 3707 503 3771 verumetiam
527 3705 698 3770 admodum
729 3705 897 3773 distinctos
926 3708 1034 3791 lepore
1065 3708 1172 3791 aliquo
1204 3714 1302 3791 atque
1368 3703 1373 3713 *

125 3809 300 3891 elegantia,
323 3815 359 3874 ut
381 3807 472 3892 digni
495 3807 665 3873 videantur
688 3808 868 3890 Theocrito,
896 3810 1033 3874 libenter
1060 3809 1302 3892 concedimusi).

215 3997 236 4061 ¹)
255 3994 371 4049 Theocr.
390 3994 578 4064 Theocriteus,
597 3995 662 4048 disc.
680 3994 789 4050 Vratisl.
811 3999 884 4063 1828,
902 4012 928 4063 p.
944 4000 983 4048 13.

213 4081 235 4149 ²)
254 4080 315 4133 Hoc
333 4080 526 4148 comprobatur
543 4079 599 4132 idd.
612 4079 636 4133 V
651 4084 679 4132 et
689 4080 728 4148 X;
747 4080 774 4132 in
786 4080 821 4133 id.
835 4080 876 4136 Vl
893 4080 1020 4149 vulgares
1038 4080 1189 4134 cantilenae
1206 4079 1302 4133 referri

124 4165 270 4229 videntum
292 4164 397 4233 reliqna
415 4164 510 4234 idyllia
527 4181 582 4218 non
600 4163 700 4218 hubent
718 4163 820 4218 alterna
837 4170 945 4234 praeter
962 4164 998 4218 id.
1017 4164 1064 4232 IX,
1085 4165 1119 4219 de
1138 4180 1193 4233 quo
1211 4169 1301 4218 tamen

124 4249 314 4320 quaerendum
334 4254 383 4304 est.
402 4278 435 4288 —

212 4337 233 4403 ³)
253 4332 295 4388 ef.
309 4333 932 4403 00110111.1141400.-31100110101,11111111.
946 4333 964 4386 f.
978 4334 1046 4387 Phil.
1062 4339 1134 4402 lsoo,
1149 4351 1175 4402 p.
1187 4339 1302 4403 urrsqq.

1132 4439 1147 4488 4
