2866 4822
197 219 238 284 86

197 389 304 473 idyllii
328 389 373 452 VI
400 408 569 472 expressus
600 387 728 453 videtur
757 389 867 474 esse1).
911 390 1025 472 Neque
1056 390 1177 472 ingenii
1207 394 1266 454 aut
1296 390 1370 455 ants

199 499 248 559 est
270 491 383 558 eadem
406 497 568 577 pastorum
592 493 719 557 nomina
746 493 779 556 in
802 492 925 559 duobus
955 493 1091 558 diversis
1120 491 1246 576 idylliis
1273 488 1371 558 'collo-

199 617 281 662 care.
325 595 452 659 Etenim
474 595 615 659 varietas
638 593 788 677 delcetat,
816 594 850 659 id
872 594 958 678 quod
981 616 1041 660 non
1068 596 1197 679 ignorat
1223 596 1252 660 is
1278 602 1372 680 pocta

200 700 254 782 qui
291 698 372 763 alios
408 697 570 763 delectare
608 698 800 764 carminibus
837 699 903 763 suis
939 704 1037 781 atque
1073 717 1168 763 verus
1202 693 1373 763 Μουσάων

199 797 376 887 ὑποφήτης
399 798 451 884 (cf.
467 798 509 863 id.
524 801 611 881 XVI,
627 800 667 863 29
691 805 723 864 et
745 801 849 881 XVII,
867 800 939 883 115)
963 800 1075 864 baberi
1097 800 1186 865 velit.

285 921 354 983 Iam
369 940 444 985 vero
468 917 581 984 eadem
604 939 717 984 manca
738 920 974 1004 compositionis
995 919 1097 984 forma
1112 920 1242 1003 utrique
1261 918 1373 1004 idyllio

200 1023 312 1087 mirum
336 1022 368 1085 in
390 1020 519 1086 modum
542 1021 714 1086 communis
738 1027 800 1103 est;
831 1043 914 1105 quae
944 1022 1138 1105 conspicitur
1167 1023 1200 1086 in
1230 1023 1374 1106 partibus

199 1125 284 1189 male
308 1123 493 1205 coniunctis,
523 1125 555 1187 in
578 1124 811 1189 imitationibus
834 1129 866 1188 et
894 1123 1123 1189 additamentis
1152 1124 1205 1190 hic
1236 1124 1305 1190 illic
1331 1125 1375 1188 in-

201 1228 280 1292 scite
303 1226 407 1307 factis,
429 1226 462 1289 in
485 1225 626 1290 dictione
649 1230 759 1291 contra
782 1225 953 1291 dialectum
978 1231 1011 1291 et
1033 1225 1163 1292 dicendi
1183 1246 1276 1291 usum
1293 1227 1375 1291 Tbe-

201 1329 293 1394 ocriti
312 1334 485 1413 pugnante,
507 1329 539 1392 in
559 1329 654 1393 rebus
673 1328 757 1392 inter
772 1348 806 1392 se
822 1328 1088 1412 discrepantibus,
1110 1330 1143 1393 in
1158 1333 1229 1394 arte
1245 1330 1376 1394 metrica

200 1432 359 1515 neglecta,
389 1430 430 1495 de
461 1432 578 1513 quibus
608 1430 703 1495 rebus
733 1431 868 1514 singulis
897 1451 994 1514 supra
1023 1431 1148 1496 affatim
1178 1430 1376 1515 disputatum

202 1540 259 1600 est.
303 1535 350 1601 Ao
373 1555 412 1599 ne
435 1555 475 1599 ea
496 1555 531 1599 re
559 1532 688 1617 quidem
717 1533 887 1599 dissimilia
916 1540 1074 1619 apparent
1102 1535 1197 1600 ambo
1229 1535 1377 1616 carmina,

202 1637 287 1721 quod
314 1637 448 1702 dissolvi
475 1642 607 1721 possunt
637 1637 671 1701 in
696 1637 736 1702 iis
759 1657 797 1702 ac
826 1636 984 1720 distingui
1013 1637 1189 1721 primordia
1219 1636 1377 1720 quaedam

202 1745 235 1804 et
264 1740 460 1823 fragmenta,
489 1740 605 1823 quibus
637 1740 821 1823 compositis
851 1739 968 1823 idyllia
996 1740 1084 1805 facta
1114 1744 1200 1821 sunt,
1231 1744 1265 1805 et
1296 1738 1377 1823 quod

203 1847 330 1908 cantum
352 1843 490 1927 priorem
512 1844 545 1906 in
568 1850 702 1925 utroque
724 1846 872 1926 poemate
895 1842 977 1906 alter
997 1843 1142 1926 sequitur
1162 1847 1293 1926 praeter
1309 1863 1377 1908 con·

202 1943 404 2008 suetudinem
426 1948 604 2009 ceterorum
631 1943 815 2008 carminum.
859 1944 931 2021 Qua
958 1965 999 2008 ex
1027 1964 1131 2008 rerum
1159 1945 1377 2010 communione

202 2050 316 2129 aperta
337 2045 445 2111 nescio
468 2066 509 2109 an
531 2051 619 2110 recte
641 2045 829 2130 colligamus
849 2046 943 2112 ambo
964 2047 1106 2112 carmina
1121 2045 1237 2111 eadem
1257 2048 1377 2112 ratione

186 2152 280 2212 nata
302 2166 372 2212 esse
394 2148 414 2211 i.
430 2168 456 2211 e.
472 2147 514 2211 ab
537 2167 598 2212 uno
622 2147 758 2230 homine,
781 2149 835 2231 qui
859 2148 972 2214 eadem
995 2148 1236 2232 compositionis
1258 2150 1378 2215 ratione

203 2269 278 2315 usus
301 2254 359 2331 est,
380 2250 427 2315 sio
450 2256 485 2314 ut
506 2248 653 2315 videmus
676 2250 847 2316 informata
870 2271 948 2317 esse.

288 2351 387 2416 Aliud
410 2372 535 2435 quoque
559 2357 616 2434 est,
638 2352 680 2418 ad
704 2353 790 2436 quod
813 2355 935 2420 animos
958 2353 1169 2420 intendamus.
1203 2354 1285 2420 Cum
1308 2375 1377 2421 oon·

204 2455 334 2520 ferimus
358 2455 445 2537 VIII,
462 2456 571 2536 tofus:

305 2563 425 2637 ddsl'oi
446 2570 545 2654 φωνὰ
567 2577 627 2650 τᾶς
649 2570 797 2657 πόρτιος,
820 2565 882 2639 ἃδύ
904 2571 944 2640 τό
967 2579 1113 2659 πνεῦμα·

307 2667 370 2740 ἁδύ
394 2676 429 2741 δὲ
451 2678 501 2740 τῶ
523 2676 641 2762 θέρεος
664 2668 743 2761 παρ’
758 2669 849 2760 ὕδωρ
873 2675 951 2761 ῥέον
975 2677 1230 2763 αἰθριοκοιτεῐυ.

206 2834 276 2880 cum
299 2814 357 2896 IX,
373 2814 440 2893 tls:

307 2923 371 2998 dod
392 2932 452 3018 μὲν
475 2921 496 2997 d
518 2928 641 3016 μόσχος
663 2929 830 3018 γορόεται,
854 2924 918 3000 ἁδὺ
941 2934 976 2999 όὲ
996 2925 1039 3019 pb
1061 2937 1152 3015 βοῦς,

307 3029 370 3100 ἁδὺ
393 3035 428 3100 δὲ
448 3025 490 3118 χόι
513 3038 630 3119 σῦριγξ
652 3037 701 3120 poi
721 3033 898 3117 βουκόλος,
923 3027 986 3102 ἁδὺ
1008 3037 1043 3101 δὲ
1065 3035 1189 3123 κήγών.

205 3176 238 3236 et
260 3172 348 3254 VIII,
363 3173 476 3254 tapso:

307 3294 350 3379 τᾷ
373 3290 451 3376 δρυῒ
471 3291 526 3356 τοὶ
548 3288 689 3372 βάλανοι
712 3289 845 3376 κόσμος,
868 3296 911 3382 τᾷ
931 3295 1044 3378 putido
1064 3297 1161 3378 μᾶλα,

307 3397 349 3483 τᾷ
372 3394 429 3475 βοῒ
450 3385 517 3459 d'd
538 3391 670 3479 μόσχος,
693 3400 743 3480 τῷ
763 3393 922 3482 βουκόλῳ
946 3395 979 3462 αἱ
1000 3393 1076 3477 βόες
1098 3388 1208 3464 αὐταί.

208 3552 278 3597 cum
301 3534 357 3615 IX,
373 3534 484 3612 31)32:

308 3669 420 3750 τέττιξ
441 3668 502 3751 μὲν
525 3667 649 3752 τέττιγι
674 3670 781 3749 φίλος,
802 3665 949 3754 ,scripptum
972 3669 1007 3735 όὲ
1028 3667 1169 3755 μύρμαξ,

308 3770 419 3855 ἲρηκες
442 3762 470 3835 d'
487 3771 602 3856 ἴρηξιν,
626 3771 699 3854 ἐμὶν
722 3762 787 3836 δ’όι
809 3786 909 3856 polos
933 3773 988 3837 καὶ
1011 3766 1093 3858 nidd.

208 3907 422 3972 memorabilis
445 3907 604 3991 quaedam
627 3909 824 3974 concinnItas
846 3909 985 3975 locorum
1010 3910 1068 3974 sub
1092 3909 1200 3976 oculos
1223 3909 1321 3993 cadit,
1347 3919 1379 3974 ut

207 4031 269 4074 non
292 4009 385 4075 modo
408 4009 493 4074 idem
516 4018 627 4076 auctor
647 4011 711 4095 (vel
726 4011 880 4096 imitator)
904 4033 943 4076 ea
965 4011 1128 4096 prodatur,
1150 4034 1263 4079 verum
1285 4014 1379 4080 etiam

208 4114 232 4177 ii
253 4114 316 4179 loci
337 4134 399 4179 non
422 4118 457 4178 ut
484 4134 565 4179 nunc
592 4115 624 4178 in
647 4114 771 4180 duobus
794 4114 930 4181 diversis
958 4116 1165 4198 carminibus,
1194 4117 1254 4182 sed
1281 4117 1378 4202 primo

294 4299 314 4366 ¹)
335 4298 375 4354 Of.
395 4301 603 4355 Βουκολιαοταὶ
622 4293 729 4370 Δάφνις
747 4303 795 4355 acal
815 4302 957 4370 Αοιμοίτοις
975 4303 1046 4374 (VI).
