2866 4822
555 1297 557 1302 ¹
633 1180 907 1282 Excunsus
943 1175 974 1281 I.

589 1366 653 1439 De
688 1388 797 1440 voce
832 1371 1005 1457 πυρρός.

300 1538 380 1603 Cum
411 1537 453 1602 ad
484 1535 761 1621 interpretandum
789 1538 895 1604 locum
924 1538 1058 1603 Theocr.
1084 1536 1127 1602 id.
1150 1538 1240 1620 VIII,
1264 1540 1284 1604 3
1313 1539 1382 1604 mihi

215 1642 429 1707 necessarium
452 1640 558 1721 fuerit,
585 1644 621 1704 ut
642 1639 738 1724 paulo
762 1639 949 1725 diligentius
976 1640 1017 1706 de
1041 1661 1118 1707 voce
1140 1638 1272 1726 πυρρός
1295 1663 1383 1725 quae·

215 1765 326 1826 rerem,
348 1744 455 1808 inveni
478 1743 744 1826 significationem
760 1743 847 1809 vocis
862 1764 966 1826 neque
985 1742 1117 1809 facilem
1137 1748 1194 1808 aut
1213 1745 1383 1829 simplicem

214 1867 318 1929 neque
333 1866 487 1930 perquam
507 1850 594 1910 reete
614 1844 721 1910 adhuc
741 1851 906 1930 acceptam
927 1865 1005 1911 esse.
1039 1847 1119 1910 Fere
1139 1851 1250 1911 autem
1266 1842 1384 1931 πυρρός

215 1950 414 2033 intellegitur
436 1949 551 2013 fulvus.
596 1949 702 2027 Quare
726 1949 805 2013 utile
827 1949 906 2012 mihi
929 1948 1058 2014 videtur
1084 1969 1202 2033 pauca,
1230 1970 1315 2033 quae
1335 1950 1384 2015 ob·

215 2053 343 2118 servavi
366 2051 407 2116 de
430 2052 496 2133 illa,
518 2052 550 2115 iu
573 2051 677 2116 lucem
699 2051 850 2135 proferre.

300 2155 335 2220 Si
357 2154 587 2239 proficiscimur·
608 2175 628 2218 a
651 2155 762 2219 nativa
783 2155 816 2220 vi
835 2155 933 2236 vocis,
955 2175 1018 2219 non
1040 2156 1175 2219 multum
1197 2155 1385 2240 proficimus

215 2278 288 2322 nam
311 2252 439 2339 πυρρός
466 2260 515 2320 est
538 2261 593 2320 aut
620 2256 733 2340 igneus
756 2261 813 2320 aut
839 2257 999 2332 coloratus
1028 2262 1064 2321 ut
1086 2257 1179 2340 ignis.
1224 2257 1292 2323 Sed
1321 2277 1384 2322 raro

215 2361 299 2444 ignis
321 2361 390 2444 ipse
414 2358 552 2444 (igneus)
575 2359 759 2443 percipitur,
781 2364 817 2423 ut
839 2361 912 2424 Eur.
932 2361 1008 2425 Hec.
1030 2362 1125 2425 1265:
1151 2353 1254 2442 πύρο’
1271 2359 1383 2444 ἔχουσα

215 2464 396 2547 δέργματιι,·
426 2463 559 2528 Theocr.
579 2463 670 2544 XIII,
691 2464 744 2530 50:
773 2458 901 2546 πυρσὸς
933 2453 1052 2549 uotam
1081 2461 1177 2546 Orph.
1198 2463 1275 2547 Arg.
1297 2464 1384 2528 1218:

215 2562 343 2650 ἐ’θειριιι
368 2578 512 2650 πυρσαῖς
538 2564 704 2629 ἀκτίνεσσι
732 2557 894 2649 &liparam
924 2564 966 2629 id.
987 2566 1070 2630 Lith.
1092 2567 1166 2630 615:
1197 2562 1385 2631 σπιλάδεσσι

214 2671 386 2753 πυρσῇοιν.
410 2663 557 2752 (Πυρσός
577 2669 596 2732 i.
613 2689 638 2732 e.
655 2688 726 2733 cum
741 2685 781 2752 ρο
804 2667 932 2733 videtur
954 2668 1033 2733 mihi
1055 2669 1229 2753 praecipue
1253 2671 1385 2753 positum

214 2791 285 2838 esse
307 2791 379 2837 oum
409 2772 536 2836 notione
567 2771 713 2854 ,igneus’.
744 2770 791 2835 uf.
813 2792 843 2854 p.
861 2773 900 2835 19
920 2771 991 2835 adn.
1001 2771 1032 2854 ¹).
1077 2771 1278 2851 creberrime
1307 2791 1385 2852 vcro,

214 2891 289 2941 cum
317 2874 473 2958 exemplis
503 2873 634 2954 utimur,
664 2873 802 2938 occurrit
830 2897 865 2939 π.
897 2873 940 2938 ad
970 2873 1105 2940 colorem
1136 2875 1385 2958 significandum.

214 2977 314 3061 Atqui
337 2977 422 3060 ignis
445 2977 530 3042 color
553 2976 600 3040 ita
623 2997 684 3040 non
708 2976 769 3041 sibi
793 2981 926 3058 constat,
953 2981 989 3040 ut
1011 2977 1108 3041 variis
1132 2997 1228 3060 quam
1253 2978 1384 3043 maxime

215 3079 474 3146 distinctionibus
497 3101 517 3144 a
538 3079 633 3144 rubro
658 3078 842 3164 (purpureo)
873 3079 1000 3144 desinat
1029 3081 1061 3145 in
1092 3079 1259 3164 pallidum.
1305 3081 1384 3165 Opus

214 3183 314 3267 igitur
344 3187 394 3248 est
422 3183 613 3248 testimoniis
639 3183 798 3265 certisque
830 3183 994 3267 exemplis,
1025 3182 1103 3266 quid
1133 3188 1262 3249 veteres
1292 3184 1384 3250 oculis

215 3287 419 3370 conceperint
442 3286 509 3350 sub.
525 3308 554 3350 v.
569 3282 707 3369 πυρρός,
731 3286 915 3350 examinare
939 3306 977 3351 ac
993 3285 1220 3351 demonstrare.
1251 3288 1384 3351 Primum

172 3433 177 3442 ·
215 3389 421 3473 inspiciamus
451 3389 647 3454 testimonia:
677 3389 758 3453 Plat.
779 3389 859 3452 Tim.
889 3409 919 3473 p.
941 3390 1001 3454 167
1026 3388 1088 3471 (68,
1111 3388 1162 3473 O):
1193 3386 1327 3471 πυρρόν
1355 3387 1384 3452 δὲ

215 3494 348 3574 ξανθοῦ
378 3515 414 3556 τε
444 3492 500 3556 καὶ
531 3494 635 3571 φαιοῦ
663 3487 779 3574 κράσει
809 3492 978 3575 γίγνεται·
1001 3485 1104 3572 φαιὸν
1134 3490 1170 3555 δὲ
1201 3495 1326 3556 λευκοῦ
1353 3514 1384 3554 τι

215 3594 271 3657 καὶ
293 3595 443 3677 μέλανος.
487 3593 535 3658 ld.
551 3594 632 3657 Tim.
654 3615 683 3677 p.
700 3595 740 3658 68
756 3595 795 3658 Β;
818 3590 973 3677 λαμπρόν
994 3617 1030 3656 τε
1054 3592 1191 3677 ἐρυθροῦ
1214 3596 1326 3659 λευκοῦ
1354 3615 1384 3656 τε

215 3694 420 3780 μιγνύμενον
449 3693 581 3778 ξανθὸν
611 3697 736 3780 γέγονε.
792 3696 885 3761 Plato
918 3697 1017 3779 igitur
1046 3695 1105 3761 sub
1135 3717 1163 3761 v.
1187 3718 1220 3760 π.
1254 3698 1384 3762 colorem

217 3799 378 3882 intellegit
399 3799 482 3864 flavo
506 3798 716 3883 pallidiorem,
745 3800 804 3864 sub
827 3821 855 3863 v.
878 3795 1005 3879 ξανθός
1034 3798 1152 3863 flavum
1184 3799 1384 3864 inclinantem

217 3900 259 3965 ad
281 3901 423 3981 rubrum3
445 3923 518 3966 nam
543 3902 628 3966 color
651 3899 780 3984 πυρρός
803 3902 996 3984 compositus
1020 3920 1089 3966 esse
1112 3899 1231 3966 dicitur
1252 3924 1294 3967 ex
1309 3901 1384 3980 albo,

217 4005 320 4086 nigro,
353 4005 461 4086 rubro,
491 4005 699 4088 praevalente
730 4011 837 4069 tamen
868 4004 950 4068 albo.
994 4004 1041 4069 Ac
1071 4003 1219 4069 similiter·
1250 4003 1385 4088 explicat

217 4107 326 4171 Galen.
350 4131 383 4170 π.
409 4108 551 4223 κρισεοον
578 4109 594 4171 Ι
596 4128 651 4191 ‚.p
672 4109 743 4190 397,
764 4110 817 4172 26:
848 4104 1019 4191 ἐγγυτάτω
1045 4104 1107 4193 τὴν
1136 4103 1238 4187 φύσιν
1261 4106 1331 4171 ἐστὶ
1352 4099 1385 4169 τὸ

216 4202 349 4293 πυρρὸν
375 4211 490 4293 χρῶμα
520 4214 571 4294 τῷ
600 4212 746 4295 ξανθῷ
770 4211 917 4291 διαφέρει
950 4203 978 4273 δ
998 4202 1154 4295 ἀλλήλων
1183 4212 1233 4293 τῷ
1264 4203 1304 4274 τὸ
1332 4208 1386 4292 μεν

218 4307 423 4395 λευκότερον
449 4307 547 4390 εἶναι,
577 4309 615 4376 τὸ
648 4313 683 4379 δε
710 4317 960 4395 στιλπνότερον.
1008 4311 1072 4379 Καὶ
1102 4305 1165 4396 γὰρ
1196 4315 1260 4376 oe'v
1288 4312 1344 4376 καὶ
1369 4333 1386 4397 ρ
