2866 4822
126 251 166 316 54

124 424 304 499 βουκολεῖν
534 423 725 505 ποιμαίνειν
944 419 1121 487 αἰπολιῑν*

126 516 220 604 ἄγειν
535 522 670 606 νέμειν*
944 524 1087 606 νέμειν*,
1111 515 1205 606 ἄγειν

944 621 1099 689 ἐλαύνειν

637 727 670 812 b)
692 728 795 812 pasci·

527 839 718 925 βόσκεσθαι,
743 845 909 928 νέμεσθαι.

212 1001 248 1063 ln
271 999 355 1064 hanc
382 999 481 1082 igitur
509 999 666 1064 rationem
694 1000 990 1081 inst‘tutionemque
1017 999 1214 1082 pastoralem
1222 1001 1244 1078 ¹)
1269 1003 1296 1063 ct

128 1124 169 1166 ex
191 1122 269 1166 vera
291 1121 394 1165 rerum
418 1105 533 1165 natura
554 1102 689 1185 petitam
720 1107 753 1166 et
780 1101 954 1185 diligenter
977 1101 1096 1182 ubique
1125 1101 1161 1164 in
1191 1102 1297 1165 carmi·

128 1204 220 1268 nibus
243 1224 263 1267 a
285 1208 381 1286 poeta
404 1207 563 1268 servatam
587 1202 826 1268 evidentissime
849 1207 1009 1287 peccatur,
1032 1201 1118 1286 quod
1140 1202 1297 1268 Menalcas

128 1305 223 1386 idem,
246 1326 339 1387 quem
363 1304 495 1370 exordio
519 1306 728 1389 comperimus
751 1306 921 1390 opilionem
945 1325 1015 1370 esse
1030 1325 1068 1369 ac
1088 1304 1191 1369 talem
1207 1306 1297 1369 etiarn

128 1408 330 1491 agnoscimus
360 1408 392 1471 in
422 1428 472 1472 vv.
495 1409 535 1472 35
563 1414 596 1472 et
624 1410 678 1487 56,
707 1409 764 1473 ubi
794 1400 942 1490 ἀμνάδας
973 1411 1087 1490 (agnas
1109 1407 1243 1492 parvas)
1271 1411 1298 1472 et

127 1513 217 1592 μᾶλα
248 1508 348 1593 (oves)
379 1528 514 1593 pascens
544 1510 755 1593 intellegitur,
786 1532 836 1575 vv.
859 1512 900 1574 49
923 1529 991 1592 sqq.
1020 1513 1150 1593 praeter
1181 1529 1298 1574 omnem

128 1611 308 1695 opinionem
331 1611 463 1692 hircum,
486 1631 654 1694 caprarum
678 1612 821 1675 albarum
846 1612 958 1693 virum,
985 1615 1018 1675 et
1040 1608 1185 1694 capellas
1209 1610 1298 1675 simas

128 1732 203 1778 suas
234 1713 428 1797 compellans
458 1712 641 1777 declaretur
672 1714 843 1797 caprarius.
893 1713 996 1777 Minus
1024 1717 1131 1776 tamen
1161 1711 1299 1793 offendit,

129 1814 214 1898 quod
236 1816 269 1878 in
292 1837 320 1880 v.
336 1817 376 1879 45
401 1834 476 1880 oves
500 1822 533 1879 et
555 1836 672 1899 caprae
702 1836 764 1879 una
791 1819 1018 1895 memorantur3
1045 1835 1120 1878 nam
1148 1835 1222 1880 cum
1248 1813 1299 1880 ad·

129 1916 217 1982 ditur
240 1913 323 1980 ἔνθα
346 1918 496 2000 μέλισσαι
521 1969 526 1980 .
553 1969 558 1979 .
585 1970 590 1980 .
617 1969 623 1982 .
647 1918 702 1980 καὶ
726 1915 822 2001 δρύες
843 1906 1013 2000 diotrepes,
1041 1916 1248 2001 perspicuum
1268 1916 1299 1980 fit

129 2018 210 2082 talia
231 2018 296 2082 dici
320 2038 357 2082 eo
379 2018 448 2082 loco
472 2025 504 2082 et
527 2022 660 2083 naturae
683 2018 894 2084 illustrandae
917 2023 950 2083 et
973 2019 1125 2084 orationis
1142 2017 1298 2084 ornandae

130 2141 235 2186 causa.
285 2121 326 2184 ht
355 2125 552 2204 quantopere
581 2122 614 2185 in
646 2143 674 2186 v.
699 2124 739 2186 52
769 2122 867 2186 etiam
897 2122 1002 2185 forma
1032 2121 1227 2186 contractior
1257 2115 1299 2184 ὤν

130 2222 199 2307 (pro
217 2219 294 2306 ἐών)
317 2226 439 2305 pugnet
461 2228 571 2288 contra
593 2224 757 2289 Theocriti
782 2222 1043 2289 consuetudinem
1063 2223 1299 2288 auctoritatem·

131 2346 193 2408 que
210 2325 261 2408 (cf.
277 2325 422 2389 Brinher.
439 2326 458 2389 l.
473 2326 493 2389 l.
510 2347 538 2409 p.
554 2327 617 2411 27),
636 2328 802 2408 malumus,
822 2325 908 2409 quod
923 2325 1119 2391 commodius
1135 2331 1195 2407 est,
1214 2326 1300 2405 infra,

131 2429 186 2492 ubi
208 2427 297 2492 locus
321 2429 518 2493 occasionem
542 2427 678 2510 dederit,
701 2429 864 2513 explicare
888 2429 939 2511 (cf.
956 2449 1024 2512 cap.
1040 2430 1072 2492 Il
1089 2428 1131 2493 ad
1149 2429 1207 2510 IX,
1223 2427 1282 2512 21).

216 2529 340 2608 Quibus
374 2530 509 2612 cognitis
543 2531 703 2612 elegorum
739 2538 835 2615 pocta
869 2531 997 2596 videtur·
1031 2550 1102 2595 esse
1132 2531 1223 2611 talis,
1252 2529 1300 2612 qui

131 2636 294 2716 pastorum
328 2636 486 2712 naturam,
520 2633 632 2714 vitam,
666 2654 768 2698 mores
801 2653 989 2717 pernoscere
1020 2653 1082 2698 non
1109 2633 1177 2698 suis
1207 2634 1301 2717 ipsius

132 2733 232 2800 oculis
266 2738 301 2798 ut
328 2734 518 2798 Theocritus
548 2735 720 2815 studuerit,
748 2725 807 2800 'sed
837 2737 890 2818 qui
922 2756 963 2799 ex
993 2735 1087 2800 huius
1117 2735 1302 2814 imitatione,

132 2855 203 2901 cum
240 2855 344 2900 rernm
379 2836 419 2899 ab
453 2837 522 2919 ipso
560 2837 801 2901 observaturum
834 2842 994 2902 recentem
1032 2838 1219 2902 memoriam
1252 2840 1302 2902 aut

132 2942 281 3021 vegetam
312 2937 538 3020 cogitationem
569 2958 630 3002 non
660 2939 808 3019 haberet,
838 2960 905 3003 rem
933 2959 1045 3023 parum
1076 2943 1173 3004 acuto
1203 2938 1302 3003 animo

132 3039 320 3124 perceperit.

217 3141 332 3224 Neque
355 3162 430 3206 vero
453 3142 547 3225 aliae,
569 3147 785 3207 verumtamen
809 3143 945 3208 leviores
968 3143 1166 3227 suspiciones
1190 3144 1232 3209 ab
1255 3143 1304 3208 iis-

134 3242 207 3310 dem
222 3245 367 3310 versibus
390 3245 514 3310 absunt.
548 3247 589 3310 Et
611 3247 750 3310 maxime
771 3251 952 3330 suspectum
972 3251 1021 3311 est
1040 3247 1174 3312 verbum
1200 3249 1305 3330 νέμειν

133 3366 190 3431 pro
213 3348 341 3412 usitatis
364 3344 499 3424 βόσκειν
522 3353 554 3411 et
577 3345 730 3430 νομεύειν
751 3353 946 3432 usurpatum,
969 3348 1052 3430 quod
1079 3349 1128 3414 bis
1151 3349 1185 3413 in
1210 3349 1305 3433 elegi-

135 3468 192 3514 aco
215 3457 311 3515 cantu
328 3449 389 3534 (40.
406 3451 469 3534 52),
491 3451 541 3514 bis
560 3450 645 3515 idem
665 3451 698 3514 in
718 3452 840 3534 reliquo
861 3452 1000 3516 carmine
1021 3451 1061 3536 (2.
1078 3452 1131 3534 66)
1156 3453 1308 3537 scriptum

134 3549 288 3634 videmus,
319 3551 404 3634 qnod
427 3557 534 3616 tamen
557 3553 746 3618 Theocritus
777 3554 808 3616 in
840 3554 956 3618 ceteris
986 3552 1110 3638 idylliis
1140 3575 1181 3616 ne
1212 3553 1307 3619 semel

136 3651 263 3735 quidem
287 3655 415 3738 scripsit
438 3655 499 3719 nisi
522 3654 624 3718 forma
646 3656 784 3738 passiva.
818 3656 900 3719 Tum
923 3657 1020 3720 etiam
1043 3656 1200 3721 rarissimi
1224 3654 1307 3741 apud

136 3753 341 3820 Theocritum
364 3762 436 3820 sunt
459 3757 579 3819 numeri
604 3775 713 3821 versus
736 3759 789 3839 53,
813 3758 922 3840 quiin
951 3757 1105 3823 bucolicis
1131 3759 1220 3823 intra
1248 3763 1308 3824 tre·

137 3875 230 4021 celnos
260 3877 370 3923 versus
400 3858 498 3923 semel
529 3857 613 3941 (0,35
630 3858 683 3940 ⁰l0)
713 3861 920 3942 reperiantur.
964 3860 1012 3925 of.
1034 3860 1134 3924 etiam
1164 3861 1307 3925 Brinker.

136 3977 157 4022 a
202 3979 230 4024 v.
246 3962 296 4026 41.

222 4148 235 4178 *
253 4145 403 4200 Astcrlsols
421 4144 572 4214 slgnificats
590 4144 673 4199 verba
690 4145 741 4198 nisi
759 4146 786 4198 in
805 4162 827 4199 o.
846 4147 914 4200 Vlll
932 4163 985 4201 non
1004 4148 1139 4216 leguntur.

224 4233 244 4299 ¹)
262 4229 303 4286 of.
322 4231 380 4285 clus
405 4231 443 4285 rol
468 4229 684 4298 explanationem
707 4230 939 4298 diligentissimam
964 4233 1037 4300 apud
1062 4233 1192 4288 Cartault.
1212 4235 1230 4288 l.
1249 4235 1265 4288 l.
1285 4233 1308 4286 in

137 4323 214 4384 parto
234 4317 294 4372 libri
312 4315 421 4385 pcrutlll
440 4315 506 4383 lhos
524 4311 632 4368 rholltds
651 4315 800 4384 rustiqrres)
819 4332 844 4384 p.
860 4320 1003 4370 ils-iss.
