2866 4822
585 1011 755 1141 Caput
789 1013 850 1112 Π.

527 1197 585 1271 De
615 1199 774 1272 carmine
804 1222 910 1272 nono,

217 1363 333 1430 Omnia
355 1364 423 1430 cius
449 1365 585 1448 generis,
612 1386 695 1448 quae
722 1366 755 1430 in
781 1365 896 1451 idyllio
920 1367 999 1430 VllI
1025 1365 1236 1450 improbanda
1258 1367 1307 1432 fu-

129 1472 233 1548 erunt,
254 1487 336 1533 nono
359 1487 485 1550 quoque
508 1467 639 1533 carmini
662 1467 839 1550 inhaerent,
861 1467 919 1534 sed
942 1489 979 1534 eo
1003 1467 1194 1551 discrimine,
1216 1474 1252 1534 ut
1274 1470 1307 1533 in

129 1568 190 1634 hoc
221 1589 261 1634 ea
290 1569 390 1633 multo
419 1568 523 1653 magis
551 1570 584 1634 iu
615 1573 727 1654 aperto
757 1570 829 1635 sint.
874 1572 915 1634 Et
944 1591 1048 1634 rerum
1078 1591 1196 1654 magna
1224 1572 1307 1636 inter

128 1676 299 1755 utrumque
329 1670 506 1736 similitudo
536 1672 709 1755 conspicua
740 1676 789 1736 est
818 1672 890 1757 ipsa
919 1672 1126 1755 inscriptione
1156 1673 1202 1756 (k.
1225 1695 1255 1757 p.
1278 1673 1305 1757 s)

128 1775 200 1859 pari
223 1773 299 1838 huic
321 1777 354 1837 et
376 1773 433 1838 illi.
477 1773 583 1857 Atque
607 1774 706 1838 etiam
729 1775 878 1839 carminis
900 1773 1068 1839 exordium
1091 1773 1213 1860 (1-o):

217 1894 234 1956 1
258 1887 511 1957 Βουκολιάοδτο
534 1887 651 1973 Δάφνι,
675 1888 717 1957 ad
742 1883 771 1956 δ’
787 1883 877 1977 ω’δᾶς
900 1885 998 1976 ἄρχεο
1021 1896 1159 1978 ιιρᾶτος,

259 1985 348 2078 ω’δᾶς
370 1985 468 2078 ἄρχεο
491 1996 630 2078 rodcog,
653 1989 846 2078 ἐφαψάσθω
870 1995 906 2060 δὲ
928 1993 1116 2072 Messanae,

258 2092 388 2179 μόοχως
410 2097 530 2176 βουσὶν
550 2089 703 2178 ὑφέντες,
725 2087 794 2162 ὑπὸ
818 2098 976 2180 occiperet
999 2098 1034 2162 δὲ
1058 2094 1198 2182 ταύρως.

256 2195 311 2281 χοὶ
331 2197 394 2282 μὲν
415 2198 482 2282 ἁμᾶ
504 2193 685 2278 βόσκοιντο
709 2200 765 2263 καὶ
789 2198 825 2264 ἐν
848 2195 1006 2280 φύλλοισι
1028 2203 1209 2285 πλανῷντο

258 2299 360 2386 μηδὲν
383 2292 471 2384 ἄτιμ’
487 2291 696 2385 ἆγελεῦντες·
721 2299 794 2385 ἐμὶν
817 2301 852 2366 δὲ
875 2296 916 2366 τύ
939 2298 1182 2381 βουκολιάσδευ

215 2405 236 2468 6
259 2400 419 2486 ἕμποθεν,
442 2394 567 2469 διλλοθι
591 2395 621 2466 δ’
636 2396 736 2479 αὖθις
759 2393 981 2488 ὑποκρίνοιτο
1004 2398 1190 2482 Μενάλκας.

128 2559 170 2568 -
193 2522 241 2588 sic
263 2526 370 2587 autem
400 2541 512 2588 versus
538 2521 606 2588 cod.
629 2522 786 2588 Vaticano
811 2521 866 2608 (m)
898 2522 1090 2589 exhibentur
1099 2523 1121 2608 1)
1144 2563 1185 2571 —
1208 2524 1306 2590 simili

128 2625 254 2690 ratione
276 2629 375 2708 atque
397 2624 483 2690 illius
505 2629 653 2708 paratum
668 2624 823 2707 videmus,
846 2624 904 2690 sed
923 2624 1087 2691 antecedit
1107 2625 1188 2690 illud
1207 2628 1305 2692 ctiam

128 2726 276 2791 versibus
298 2726 545 2810 impolitioribus
568 2731 601 2792 et
622 2725 815 2809 rudioribus,
838 2732 873 2792 ut
894 2748 987 2792 nemo
1010 2727 1160 2810 prudens,
1183 2730 1258 2812 quin
1281 2730 1305 2793 ii

128 2833 238 2894 essent
260 2827 434 2909 subditioii,
456 2828 498 2894 ab
521 2832 629 2893 aetate
652 2830 703 2894 Fr.
718 2829 861 2895 Jacobsii
884 2827 984 2913 (apud
1003 2829 1240 2895 Wucstemanu.
1263 2830 1306 2895 ad

128 2930 172 2995 id.
195 2931 244 2995 IX
266 2929 346 3014 arg.)
376 2929 581 2995 dubitaverit.
629 2930 768 2997 Proinde
797 2952 966 3017 parcamus
995 2931 1105 2997 multis
1135 2933 1243 2998 verbis
1273 2938 1306 2998 et

128 3033 313 3098 summatim
334 3031 428 3098 modo
452 3034 699 3117 complectamur
726 3054 765 3098 ea
791 3034 832 3099 de
860 3034 975 3117 quibus
1006 3033 1130 3098 affatim
1161 3033 1305 3118 disputa-

128 3140 196 3199 tum
220 3140 253 3199 et
275 3135 428 3218 scriptum
449 3138 481 3199 et
501 3136 641 3200 omnium
660 3135 728 3200 fere
748 3157 798 3200 vv.
815 3135 867 3200 dd.
883 3155 1054 3201 consensus
1076 3141 1134 3202 est.
1168 3136 1305 3202 Offcusi-

128 3255 206 3301 ones
229 3236 328 3319 igitur
350 3240 523 3301 nascuntur
550 3237 718 3320 exprimo
746 3256 840 3302 versu
866 3237 1007 3320 spondeo
1036 3242 1111 3302 aute
1139 3257 1305 3304 caesuram

128 3337 309 3404 bucolicam
324 3338 437 3422 posito,
456 3358 498 3402 ex
513 3359 541 3402 v.
554 3341 573 3401 2
594 3344 724 3422 propter
740 3340 937 3424 anaphoram
958 3340 1027 3404 sine
1042 3340 1075 3404 vi
1090 3338 1270 3405 adhibitam
1279 3341 1303 3425 ²)

214 3524 236 3592 ¹)
254 3523 379 3578 Variatur
395 3523 423 3577 in
441 3540 467 3578 v.
487 3528 501 3576 2
525 3526 631 3593 πρᾶτος
650 3516 724 3578 deice
742 3524 785 3592 (p)
805 3555 835 3563 -
854 3518 947 3594 Λὰφνι
966 3517 1145 3593 ουνοιψάοδω
1164 3524 1203 3590 (k.
1222 3525 1251 3593 p)
1271 3557 1304 3564 -

126 3612 234 3681 πρᾶτος
257 3602 413 3679 ἐφεψάοδω
437 3608 535 3678 vulg03
557 3610 584 3662 in
608 3615 666 3663 v.5
694 3603 778 3676 ἄτιμα
801 3614 940 3679 γελεῦντες
965 3611 1007 3679 (p)
1026 3642 1058 3649 -
1078 3605 1304 3679 ἀτιμαγελοῦντες

126 3696 250 3766 (vulgo);
269 3696 297 3748 in
314 3701 368 3750 v.6
386 3699 495 3764 praetor
513 3687 666 3758 Μενάλκιις
690 3696 793 3750 nullum
812 3695 925 3751 verbum
948 3701 991 3751 est
1015 3697 1089 3765 quod
1114 3713 1169 3750 non
1186 3697 1304 3751 variatur

126 3813 159 3821 -
178 3781 371 3850 ποτικρλνοιτο
390 3779 430 3849 (k.
443 3797 469 3848 p.
483 3781 516 3848 c).
537 3810 571 3818 —

214 3869 235 3936 2)
253 3863 293 3920 Of.
312 3865 476 3934 anaphoram
493 3865 616 3934 similius,
640 3866 691 3920 sed
716 3866 867 3935 elegantius
891 3865 1024 3935 prolatam
1048 3866 1122 3935 apud
1140 3866 1217 3921 Bion.
1237 3866 1301 3935 epit.

125 3953 218 4007 ΝΜ
233 3957 244 4006 ¹
260 3966 313 4019 sq*
350 3977 446 4051 Αἰάζω
465 3977 516 4039 τὸν
529 3977 658 4038 Ἄδωνιν·
680 3979 806 4040 ἀπώλετο
824 3978 911 4048 καλός
925 3977 1046 4050 Ἄδωνις,

350 4062 436 4125 ὤλετο
454 4064 543 4133 καλὸς
557 4063 678 4136 Ἄδωνις,
697 4064 861 4137 ἐπαιάζονοι
880 4064 987 4141 ἔρωτες.

125 4172 167 4228 cf.
186 4171 270 4227 etiam
287 4172 318 4226 ll.
331 4173 392 4241 XX,
406 4178 452 4227 371
468 4189 508 4242 sq.
528 4205 561 4212 »-
579 4174 620 4228 cf.
639 4190 666 4241 p.
680 4179 709 4228 41
725 4189 766 4242 sq.
802 4173 978 4228 versificator
996 4178 1088 4242 captat
1104 4173 1174 4226 hanc
1192 4173 1303 4226 dicendi

123 4257 246 4328 tigurium.
