2866 4822
131 283 171 346 14

129 451 275 535 Daphnis
292 456 324 516 et
339 452 511 533 Menalcae,
533 450 707 535 aliquando
731 450 822 532 forte,
844 455 880 514 ut
899 449 1035 531 videtur,
1058 471 1128 515 cum
1152 452 1310 536 gregibus

129 554 195 619 suis
224 554 255 617 in
286 575 406 638 pascua
437 555 641 634 conveniunt,
671 575 735 636 qua
756 554 929 618 occasione
960 552 1037 617 data
1065 554 1146 618 alter
1170 554 1309 619 alterum

128 662 282 741 provocat
311 656 354 721 ad
384 657 517 721 alternis
548 657 725 743 canendum
749 661 783 720 et
804 654 1047 735 decertandum;
1076 660 1109 719 et
1131 656 1229 721 ambo
1253 679 1309 741 pa-

129 763 230 823 stores
253 758 477 824 describuntur
499 761 590 843 pueri
606 759 659 824 vel
674 758 915 841 adulescentuli.
959 757 1094 841 Singula
1109 778 1187 823 vero
1203 780 1308 843 paene

128 859 170 925 ad
193 862 324 925 verbum
355 862 439 926 inter
468 881 502 926 se
525 862 737 941 consentiunt;
768 881 832 943 qua
854 859 895 925 de
918 879 1015 925 causa
1038 859 1186 925 conferas
1209 861 1308 926 velim

128 964 222 1028 haec:

390 1065 432 1130 id.
447 1066 507 1130 VI:
915 1064 958 1128 id.
975 1065 1066 1129 VIII:

230 1180 355 1267 Δάφνις
378 1175 396 1250 ὁ
420 1179 587 1264 βουκόλος
728 1215 770 1238 z
793 1180 935 1262 Δάφνιδι
958 1184 1181 1262 βουκολέοντι

231 1283 423 1371 συνάγαγον
728 1317 770 1340 z
792 1282 974 1372 συνήντετο

229 1385 321 1454 ποκά
728 1419 770 1443 --
792 1381 838 1465 ὡς
861 1390 964 1469 φαντί

231 1492 276 1569 εἰς
299 1488 358 1556 ἕνα
378 1493 491 1575 χῶρον
727 1522 769 1546 =
791 1483 864 1556 κατ)
880 1483 965 1574 ἄρεα
987 1489 1119 1574 μακρά,

229 1588 267 1681 ἧς
290 1587 308 1659 ὃ
329 1593 390 1677 μὲν
413 1586 529 1658 αὐτῶν
550 1591 689 1679 πυρρός,

229 1697 251 1761 δ
274 1691 302 1761 δ’
317 1685 501 1780 ἡμιγένειος

229 1795 358 1881 πυρρός
665 1809 667 1813 ’
727 1830 769 1854 =
791 1799 1005 1882 πυρροτρίχω

231 1893 330 1984 ἄμφω
353 1894 465 1966 ἄειδον
730 1932 772 1955 z:
794 1895 893 1983 ἄμφω
917 1892 1047 1978 αἐἱδεν

232 2005 296 2068 v.5
562 2086 563 2089 Ἴ
727 2017 770 2082 2
792 2025 820 2068 v.
837 2005 864 2068 5.

729 1664 856 1727 :v.3

217 2141 306 2218 Quae
330 2161 399 2205 cum
423 2141 470 2205 ita
492 2142 568 2222 sint,
590 2141 724 2225 primum
749 2142 840 2205 nobis
863 2139 1082 2223 quaerendum
1104 2143 1166 2221 est,
1198 2145 1303 2206 utrum

127 2243 317 2308 Theocritus
340 2247 375 2307 ut
402 2244 585 2326 ingeniosus
607 2250 703 2328 poeta
726 2265 801 2308 vere
824 2244 893 2326 ipse
916 2250 1084 2325 utrumque
1106 2245 1304 2326 prooemium

128 2347 353 2430 composuerit,
383 2367 423 2410 an
454 2346 588 2431 alterum
620 2347 752 2411 alterius
779 2347 957 2410 imitatione
980 2344 1022 2409 ab
1045 2345 1172 2410 homine
1195 2346 1304 2431 aliquo

127 2449 313 2533 posterioris
345 2450 506 2533 temporis>
528 2449 649 2515 factum
680 2451 730 2515 sit.
775 2450 876 2527 Quam
906 2469 972 2513 rem
1002 2453 1239 2514 controversam
1270 2456 1305 2515 ut

127 2550 356 2635 disceptemus,
389 2552 618 2635 proficiscimur
651 2573 672 2616 a
704 2552 836 2616 vocibus
871 2543 986 2630 ἄνᾶβω
1021 2556 1054 2615 et
1086 2553 1304 2637 πυρροτρίχω

127 2653 386 2737 interpretandis,
410 2676 450 2719 ex
473 2655 588 2737 quibus
612 2654 688 2719 solis
707 2660 878 2719 nascantur
894 2672 1002 2718 omnes
1019 2654 1086 2718 eius
1101 2653 1164 2719 loci
1180 2675 1305 2721 errores

128 2760 160 2821 et
182 2755 400 2821 difficultates.

213 2859 413 2941 Quamquam
442 2858 517 2922 libri
546 2859 657 2941 scripti
687 2877 795 2922 omues
817 2856 860 2922 ad
883 2878 978 2921 unum
1001 2857 1156 2922 exhibent
1177 2851 1305 2939 ἀνάβω,

126 2966 234 3025 tamen
267 2966 303 3025 ut
320 2961 419 3038 ,aliae
450 2962 599 3025 carminis
629 2961 816 3025 tollerentur
845 2955 1047 3040 offensiones,
1080 2960 1303 3043 corrigendum

127 3084 197 3129 esse
221 3059 331 3143 ε’νᾶβω
355 3068 546 3128 censuerunt
568 3063 747 3147 Koechly¹)
771 3070 803 3128 et
826 3063 1030 3148 Fritzsehe2),
1052 3083 1116 3146 qua
1138 3063 1171 3126 in
1193 3085 1229 3129 re
1251 3065 1305 3129 hic

129 3166 258 3249 quidem
295 3167 408 3230 nititur
444 3165 639 3230 scholiastae
676 3164 882 3230 adnotatione
919 3165 992 3230 hac:
1030 3163 1142 3250 ἔνηβοι
1175 3166 1237 3248 μὲν
1272 3165 1304 3231 οἱ

126 3268 449 3344 πεντεκαιδεκαετεῖς
479 3269 534 3331 καὶ
556 3269 779 3350 πορρωτέρω,
812 3263 930 3352 ἄνηβοι
961 3267 996 3332 δὲ
1026 3265 1057 3331 οἱ
1087 3267 1305 3346 δωδεκαετεῖς

127 3373 184 3436 καὶ
214 3372 405 3455 κατωτέρω.
458 3371 563 3450 Quid?
596 3371 770 3437 scholiasta
799 3392 902 3437 nonne
932 3371 965 3434 id
996 3375 1120 3435 tantum
1151 3372 1235 3454 agit,
1268 3377 1305 3436 ut

127 3495 235 3539 vocem
267 3466 381 3555 ἄνᾶβω
410 3474 564 3558 explicet,
594 3495 658 3557 qua
687 3475 720 3538 in
748 3496 781 3538 re
805 3475 851 3539 ita
874 3475 981 3539 lacere
1004 3475 1033 3539 ei
1056 3474 1149 3556 libet,
1178 3479 1215 3538 ut
1238 3474 1304 3540 dis-

127 3577 245 3642 crimen
276 3581 398 3641 statuat
429 3577 512 3641 inter
543 3576 624 3642 duas
654 3596 749 3642 voces
780 3577 1022 3662 synonymas?³)
1067 3579 1173 3659 Atque
1203 3577 1304 3642 etiam

213 3763 234 3831 ¹)
252 3762 387 3831 Koechly,
412 3779 493 3817 carm.
517 3763 632 3817 Theoer.
657 3763 685 3816 in
708 3753 833 3832 strophas
857 3779 920 3817 suas
944 3769 1008 3817 rest.
1031 3778 1105 3832 spec.
1128 3763 1187 3817 lnd.
1212 3763 1303 3818 Turic.

129 3853 201 3915 1858,
220 3866 246 3917 p.
263 3854 292 3902 15
312 3855 339 3903 et
352 3853 384 3902 20
403 3864 457 3902 non
474 3849 577 3918 primus
595 3849 712 3903 conleeit
730 3842 832 3919 ἐνᾶβω,
852 3848 902 3903 sed
920 3850 1062 3903 renovavit
1080 3853 1203 3902 veterem
1221 3850 1303 3903 Hem·

68 3971 71 3976 -
126 3934 253 3989 stenhusii
272 3935 462 3988 coniecturam.

211 4022 233 4088 2)
253 4019 305 4074 Ad.
324 4019 375 4072 Th.
394 4017 468 4072 Arm.
487 4020 633 4088 Fritusche,
653 4020 769 4074 Theoer.
788 4020 890 4090 idyllia,
910 4021 952 4074 ed.
966 4020 1000 4073 II.
1031 4021 1103 4089 Lips.
1125 4024 1302 4091 loeo-1869,

126 4105 181 4160 vol.
194 4105 229 4173 ll,
248 4103 282 4159 ef.
301 4105 355 4158 vol.
369 4105 390 4173 l,
410 4106 471 4158 adn.
491 4105 525 4158 ad
544 4106 580 4158 id.
599 4106 675 4160 Vlll.

212 4193 234 4258 ³)
247 4190 377 4243 Fritnseh.
391 4190 513 4244 scholion
526 4191 678 4244 mutilatum
690 4191 820 4259 apposuit
832 4191 1012 4258 adnotationi;
1031 4196 1119 4245 totum
1132 4191 1203 4244 enim
1216 4191 1302 4247 schol.

126 4274 180 4330 hoc
198 4281 252 4331 est:
274 4269 431 4347 ἀμφότεροι
450 4262 528 4330 οὗτοι
547 4265 619 4343 ἦσαν
636 4270 826 4346 πυρρότριχες,
852 4268 1006 4346 ἀμφότεροι
1031 4275 1060 4331 δε
1084 4267 1195 4347 ἄνηβοι,
1214 4269 1303 4348 ἤγουν

128 4355 234 4425 ἀτελεῖς
259 4354 298 4414 ἔτι
323 4355 373 4428 την
400 4353 520 4428 ἡλικίαν.
545 4354 644 4431 ἄνηβοι
662 4355 716 4431 γὰρ
736 4357 763 4415 οἳ
787 4364 1053 4425 πεντεκαιδεκαετεῖς
1076 4364 1134 4417 κτλ.
1158 4367 1190 4417 ut
1212 4357 1303 4433 supra,
