2866 4822
1192 240 1233 304 35

54 409 186 473 musicis
209 409 292 472 euim
315 408 410 472 rebus
434 407 546 474 doctus
561 409 611 474 vir
634 430 694 474 non
717 410 844 491 ignorat
866 429 936 474 esse
959 414 1102 492 septem
1125 429 1235 475 sonos

55 511 298 595 principales
322 509 390 594 (qui
412 512 617 594 appellantur
640 518 756 577 octava
778 513 926 595 musica),
956 513 1011 595 qui
1041 513 1074 576 in
1104 513 1236 596 syringa

55 613 252 679 effiiciuntur
279 619 425 696 septem
448 612 558 679 modo
582 615 741 679 calamis
768 635 842 679 cera
869 615 960 678 iuxta
988 615 1162 698 colligatis3
1188 617 1236 679 in-

54 715 136 780 flatu
151 716 275 780 acriore
290 715 494 798 proferuntur
507 714 692 781 discrimina
707 717 848 799 septenis
871 716 1049 781 intervallis
1072 715 1236 798 distantia,

54 823 90 883 ut
113 839 218 884 novae
237 838 332 882 voces
355 818 586 902 principalibus
609 819 768 884 acutiores
792 824 911 884 sonent.
956 820 991 883 ln
1008 840 1121 885 uorem
1137 821 1236 903 igitur

55 922 253 986 calamorum
276 922 409 1004 syringa
431 920 494 985 duo
517 942 579 986 non
602 921 703 986 solum
726 922 864 1003 inutiles,
894 921 952 987 sed
979 923 1078 986 etiam
1100 922 1236 1006 impedi·

54 1030 166 1089 mento
189 1028 264 1088 sunt
286 1024 316 1088 ei
339 1025 394 1106 qui
417 1024 574 1089 communi
596 1024 704 1088 fistula
727 1023 823 1109 (quae
847 1029 896 1089 est
912 1030 1035 1109 septem
1051 1024 1236 1109 cannarum)

55 1131 161 1191 artem
185 1124 320 1191 canendi
348 1124 471 1191 didicit.
516 1126 772 1205 Quamobrem
796 1148 899 1210 neque
923 1128 1027 1191 Hiller
1050 1128 1081 1211 (l.
1097 1128 1130 1213 l.)
1153 1126 1237 1192 iudi-

55 1248 146 1294 cans:
184 1230 282 1310 „Eine
313 1227 475 1311 derartige
506 1228 655 1312 (neunst).
699 1229 817 1310 Syriux
851 1229 909 1295 soll
944 1230 1014 1294 hier
1048 1235 1149 1295 etwas
1176 1231 1237 1294 Be-

55 1332 210 1398 sondercs
233 1333 318 1397 sein“
344 1353 448 1415 neque
471 1332 668 1397 Cartaultius
690 1333 918 1416 interpretatus
942 1334 983 1416 (p.
999 1333 1121 1419 480)¹):
1142 1335 1238 1399 «c’est

54 1457 97 1501 un
122 1436 314 1500 instrument
336 1434 377 1499 de
400 1436 484 1516 luxe,
506 1436 641 1519 puisque
664 1436 694 1499 le
718 1437 847 1500 nombre
871 1436 1031 1501 ordinaire
1055 1437 1136 1502 erait
1158 1439 1179 1501 a
1201 1457 1237 1502 ce

55 1538 134 1621 qu'il
158 1538 278 1603 semble
294 1537 336 1602 de
351 1544 441 1622 sept»
464 1539 547 1603 hauc
563 1538 812 1622 discrepantiam
829 1540 959 1604 sustulit
974 1546 1031 1604 aut
1045 1561 1112 1604 rem
1128 1561 1238 1605 reram

55 1643 234 1726 perspexit.
278 1642 348 1706 Huc
372 1640 499 1706 accedit
521 1642 619 1706 etiam
636 1642 740 1706 altera
756 1662 868 1706 causa:
891 1662 960 1707 cum
977 1647 1113 1725 uterque
1128 1648 1238 1727 pastor

55 1743 157 1808 talem
181 1743 321 1808 fistulam
343 1742 510 1827 possideat
531 1748 630 1826 atque
653 1744 736 1808 alter
759 1763 847 1809 suam
870 1744 940 1828 ipse
963 1745 1085 1810 recenti
1108 1746 1238 1827 negotio

56 1846 236 1911 fabricatus
264 1847 314 1925 sit,
345 1850 378 1910 et
408 1846 438 1910 ei
467 1845 559 1910 deest
589 1847 724 1910 aliarum
754 1847 954 1930 praestantia
984 1868 1088 1930 neque
1117 1868 1238 1912 merum

55 1948 217 2014 ludicrum
240 1948 506 2014 considerandum
529 1953 586 2030 est,
617 1947 675 2014 sed
698 1949 783 2032 quod
812 1950 884 2015 usui
914 1950 956 2015 sit
985 1951 1238 2015 instrumentum.

55 2054 234 2116 Praeterea
256 2053 311 2116 vix
335 2051 492 2117 credimus
516 2051 601 2135 quod
624 2051 742 2118 dicitur
759 2052 808 2116 his
825 2053 982 2118 versibus:
1005 2074 1137 2137 puerum
1160 2052 1239 2118 duo·

57 2154 165 2220 decim
187 2155 255 2219 fere
278 2175 431 2219 annorum
453 2160 546 2218 tanta
575 2154 674 2220 fuisse
697 2155 851 2237 sollertia,
880 2161 916 2220 ut
946 2156 1071 2221 omnino
1098 2156 1238 2220 fistulam

57 2258 257 2343 pastoralem
280 2257 386 2322 facere
408 2257 556 2342 posset,²)
587 2256 674 2341 quod
703 2279 783 2342 opus
812 2258 955 2343 postulat
985 2258 1141 2324 artificem
1163 2280 1238 2341 pru-

57 2360 292 2442 dentissimum,
324 2360 440 2424 nedum
465 2362 494 2425 ei
517 2362 549 2424 in
579 2365 719 2425 mentem
741 2362 866 2426 veniret
896 2367 1078 2426 construere
1106 2362 1239 2445 syringa

57 2469 172 2529 contra
187 2462 448 2528 consuetudinem
465 2483 576 2527 novem
593 2464 796 2544 calamorum,
820 2465 909 2529 cuius
933 2462 1061 2546 quidem
1082 2484 1238 2546 nusquam

57 2564 197 2630 vidisset
219 2566 409 2650 exemplum.
453 2564 695 2631 Inconsiderate
718 2567 862 2650 profecto
884 2567 920 2629 hi
942 2586 1053 2631 versus
1076 2565 1238 2652 (rs-24)

57 2672 133 2734 sunt
164 2669 276 2752 scripti
305 2668 347 2733 ab
378 2669 507 2734 homine
539 2669 594 2751 qui
624 2689 726 2734 rerum
759 2669 930 2734 veritatem
960 2670 1139 2753 ignorabat.
1191 2670 1238 2735 Ac

57 2793 164 2856 paene
187 2792 340 2853 veremur,
364 2793 402 2836 ne
425 2771 510 2836 forte
532 2774 569 2854 is,
592 2793 654 2855 quo
677 2772 776 2837 verba
798 2773 912 2837 melius
935 2772 968 2835 in
991 2792 1118 2838 versum
1141 2771 1238 2837 cadc-

57 2884 139 2956 rent,
161 2875 330 2940 incurrerit
351 2875 385 2938 in
407 2873 632 2956 e’vraficouuov.
669 2877 739 2942 Hoc
755 2875 884 2959 quidem
901 2876 1097 2941 Fritzschius
1113 2896 1239 2959 quoque

58 2983 147 3042 recte
170 2979 327 3062 opinatur,
356 2977 414 3043 sed
444 2999 557 3062 parum
587 2984 674 3044 recte
704 2984 831 3063 po'e'tam
862 2979 966 3062 ipsum
994 2979 1077 3044 tales
1100 2979 1239 3064 ineptias

59 3081 122 3146 sibi
145 3082 335 3165 permisisse.
381 3081 529 3146 Ceterum
552 3102 648 3164 quam
671 3082 755 3146 male
785 3081 841 3146 ille
871 3082 1081 3165 interpolator
1108 3083 1239 3148 sciverit

58 3203 172 3250 versus
188 3185 304 3266 facere,
326 3183 379 3247 vel
402 3205 443 3248 ex
465 3204 503 3248 eo
526 3185 672 3268 intellegi
695 3188 810 3268 potest,
833 3184 919 3267 quod
934 3183 1112 3249 identidem
1128 3204 1239 3250 versus

58 3291 116 3351 aut
140 3284 269 3351 eosdem
292 3287 444 3371 repetiuit
467 3286 519 3370 (cf.
545 3288 581 3350 ll
607 3291 640 3351 et
664 3290 715 3371 12)
739 3292 795 3352 aut
817 3288 865 3351 ita
887 3287 1046 3368 formavit,
1068 3293 1104 3353 ut
1126 3289 1238 3371 paucis

58 3387 168 3452 verbis
190 3390 321 3454 mutatis
344 3388 573 3455 antecedentes
596 3390 729 3454 iteraret
752 3389 804 3473 (ci.
827 3392 868 3454 28
891 3396 924 3454 et
939 3390 1002 3475 29),
1025 3410 1089 3472 qua
1111 3411 1146 3454 re
1169 3391 1239 3455 ani-

58 3511 146 3555 mum
169 3490 306 3574 legentis
330 3493 438 3575 specie
461 3492 541 3556 artis
557 3497 589 3555 et
605 3492 829 3557 concinnitatis
845 3492 942 3557 facile
958 3492 1108 3576 decipere
1123 3498 1238 3576 potest.

57 3594 151 3658 Hanc
167 3592 297 3676 quidem
312 3595 470 3658 rationem
486 3594 688 3676 agnoscimus
704 3598 926 3678 comparantes
943 3616 992 3660 vv.
1006 3597 1045 3659 18
1062 3601 1094 3659 et
1112 3597 1150 3660 19
1167 3616 1238 3660 cnm

57 3718 110 3762 vv.
125 3698 165 3760 21
192 3701 224 3761 et
247 3698 297 3777 22,
320 3716 514 3779 quamquam
537 3695 583 3760 de
603 3718 631 3760 v.
648 3698 688 3760 22
711 3697 845 3779 haesito,
868 3701 974 3761 utrum
996 3697 1120 3762 librarii
1144 3698 1239 3783 culpa

56 3801 177 3864 iterum
199 3801 337 3883 scriptus
359 3800 411 3880 sit,
433 3819 473 3863 an
497 3799 539 3863 ab
562 3799 631 3884 ipso
655 3818 803 3864 versuum
826 3804 965 3866 auctore.

145 3919 210 3985 Sed
232 3921 361 3986 maioris
384 3920 535 3986 momenti
566 3925 617 3986 est
647 3940 803 4004 quaerere
834 3920 875 3986 de
905 3921 997 3986 initio
1020 3941 1130 3986 versus
1153 3922 1239 3987 vice-

55 4024 131 4090 simi
155 4023 230 4108 (20).
274 4024 438 4089 Menalcas
460 4024 569 4107 igitur,
600 4028 769 4108 postquam
799 4023 938 4090 fistulam
971 4043 1060 4089 suam
1082 4024 1238 4108 laudavit,

145 4227 167 4296 ¹)
186 4226 226 4282 Of.
244 4228 279 4281 A.
296 4227 425 4296 Cartault,
444 4206 536 4282 Ifitude
554 4243 600 4282 sur
618 4228 659 4281 les
677 4228 843 4297 Bucoliques
862 4228 897 4283 de
909 4227 1023 4296 Virgile.
1059 4227 1144 4297 Puris,
1164 4232 1237 4281 1897.

144 4330 165 4399 ²)
186 4329 228 4386 Of.
240 4329 281 4384 Id.
294 4330 316 4400 I,
330 4333 370 4399 52,
383 4329 431 4386 nbi
447 4324 479 4384 τὸ
498 4331 613 4383 παιδίον
633 4323 809 4401 ἄνθερὶκοισι
821 4324 913 4384 καλᾶν
925 4327 1019 4384 adfixet
1034 4322 1237 4400 dxprdofidpuv.

1049 4433 1080 4488 3*
