2866 4822
195 243 235 304 10

194 411 512 475 commentationibus
538 432 588 475 vv.
611 409 663 475 dd.
687 411 903 495 superioribus
926 410 1117 476 Croisetium
1146 409 1291 475 nondum
1316 410 1370 475 ad·

193 511 268 578 duci
290 514 441 596 potuisse,
470 516 505 577 ut
527 534 547 577 a
569 512 690 578 tradita
713 513 754 578 de
777 515 842 579 illis
871 513 1064 578 carminibus
1093 513 1255 578 sententia
1284 535 1369 579 rece·

193 615 293 680 deret.
309 653 350 662 -
371 616 532 681 Prohxius
548 616 630 679 alter
645 617 693 679 vir
709 615 831 698 doctus,
853 614 1011 699 Legrand,
1020 615 1042 700 ¹)
1065 615 1149 680 thesi
1169 616 1370 698 amplissima

193 717 234 782 de
257 718 427 783 Theocrito
458 719 639 801 conscripta
669 717 804 783 eandem
835 739 900 782 rem
923 718 1086 799 tractavit,
1116 737 1179 800 qua
1209 718 1242 782 in
1273 739 1368 803 argu-

192 822 387 885 mentatione
410 820 557 903 idyllium
581 821 629 884 lx
658 825 761 885 totum
791 840 860 886 esse
889 818 1086 884 reiciendum
1115 826 1148 884 et
1179 819 1221 884 de
1251 820 1367 904 idyllio

192 923 271 987 VIII
293 929 402 1006 partes
425 922 496 987 has:
527 944 576 986 vv.
592 924 632 987 63
644 961 682 968 —-
693 925 741 1003 70,
773 924 912 989 72-80
936 921 977 1007 (v.
993 924 1032 987 77
1057 920 1190 1007 deleto),
1217 925 1368 1005 53-56,

192 1027 318 1090 57—60
341 1025 512 1090 Theocrito
535 1024 765 1105 concedendas,
787 1032 896 1090 cetera
918 1030 1024 1089 tamen
1048 1025 1078 1089 ei
1101 1024 1276 1089 adimenda
1299 1045 1368 1091 esse

192 1132 308 1193 censet.
332 1165 372 1173 —
396 1128 529 1191 Recenti
552 1148 649 1210 opera
672 1128 786 1192 tertius
809 1128 858 1192 vir
880 1126 1002 1208 doctus,
1024 1127 1153 1191 natione
1170 1128 1314 1212 belgae)
1337 1130 1367 1192 in

191 1228 401 1295 diiudicanda
432 1228 495 1294 fide
519 1231 712 1295 Theocritea
742 1229 849 1314 idyllii
881 1231 986 1295 octavi
1016 1234 1163 1294 versatus
1192 1235 1226 1293 et
1257 1237 1368 1295 contra

194 1334 322 1399 criticos
344 1333 553 1397 multifariam
568 1332 609 1398 de
626 1355 664 1398 ea
680 1333 909 1398 addubItantes
925 1335 1026 1416 ipsam
1043 1331 1218 1397 defendere
1234 1341 1367 1400 conatus

192 1440 291 1501 totum
323 1436 390 1500 fere
420 1456 546 1501 carmen
578 1436 791 1501 aTheocrito
823 1437 976 1519 scriptum
1006 1454 1076 1500 esse
1106 1435 1210 1500 credit
1239 1437 1367 1502 reiectis

191 1542 298 1604 tamen
322 1559 434 1603 novem
452 1539 597 1603 versibus
620 1539 768 1622 (as-32,
784 1541 918 1619 61-62,
934 1538 1072 1621 92-93)
1096 1544 1194 1621 atque
1217 1539 1367 1622 opinatur

192 1641 225 1704 in
248 1641 349 1705 altero
372 1645 468 1705 cantu
491 1640 639 1725 strophas
661 1641 828 1706 nonnullas
851 1639 1018 1705 excidisse.
1033 1677 1076 1685 —
1098 1640 1222 1718 Quibus
1238 1640 1367 1707 iudiciis

193 1745 330 1828 cognitis
352 1744 413 1808 hoc
435 1744 600 1826 negotium
622 1745 800 1827 suscepisse
831 1765 881 1807 me
904 1763 967 1806 non
989 1744 1133 1826 paenitet
1155 1748 1262 1807 ratum
1284 1745 1366 1810 hanc

192 1866 276 1928 quae
308 1847 453 1929 sequitur
486 1844 745 1911 dissertationem
777 1866 838 1910 non
872 1845 965 1910 modo
998 1865 1061 1909 non
1094 1865 1367 1928 supervacaneam

192 1968 273 2031 esse,
300 1948 336 2012 id
366 1947 452 2031 quod
483 1955 580 2013 antea
610 1953 794 2030 metuerem,
825 1946 883 2013 sed
914 1968 951 2012 eo
979 1948 1139 2013 utiliorem
1161 1968 1200 2013 ao
1230 1949 1367 2016 fortasse

195 2051 293 2115 etiam
316 2071 353 2115 eo
375 2050 479 2134 magis
501 2049 650 2115 idoneam
672 2051 716 2115 ad
738 2071 805 2114 rem
820 2049 1064 2133 disceptandam
1080 2054 1112 2114 et
1128 2049 1367 2135 declarandam,

192 2173 254 2236 quo
277 2153 381 2218 minus
403 2173 485 2218 nova
507 2158 564 2218 aut
594 2158 682 2218 certa
704 2158 893 2237 argumenta
915 2153 947 2216 in
970 2152 1086 2218 studiis
1108 2152 1236 2218 illorum
1259 2175 1366 2221 recen·

191 2257 324 2321 tissimis
350 2257 452 2321 allata
474 2255 568 2321 video
599 2263 631 2321 et
661 2277 722 2340 quo
746 2257 849 2340 magis
878 2277 983 2321 meum
1012 2254 1167 2320 iudicium
1198 2278 1366 2342 meamque

192 2358 438 2443 argumentandi
460 2360 617 2424 rationem
641 2361 681 2424 ab
704 2360 831 2424 illorum
853 2358 982 2424 differre
1004 2359 1160 2423 intellexi.
1185 2396 1223 2406 -
1255 2362 1366 2426 Nihilo

192 2466 300 2526 tamen
323 2462 427 2527 secius
449 2482 579 2546 operam
602 2456 687 2544 dedi,
716 2467 752 2526 ut
778 2461 1017 2527 observationes
1046 2460 1181 2543 illorum,
1212 2469 1367 2545 quantum

192 2563 263 2629 fieri
296 2565 417 2648 potuit,
452 2565 485 2629 in
518 2565 780 2630 adnotationibus
812 2564 920 2630 verbis
954 2564 1165 2647 designarem.
1219 2565 1367 2651 Itemque

193 2667 380 2749 Cartaultii,
410 2668 471 2732 viri
501 2655 678 2733 doctissimi
709 2673 742 2731 et
771 2667 960 2750 professoris
989 2667 1222 2750 probatissimi,
1258 2670 1367 2734 studia

192 2769 410 2855 Vergilianass)
433 2770 611 2854 inspexisse
633 2792 683 2835 me
706 2771 804 2851 iuvat,
826 2771 1011 2853 priusquam
1033 2790 1128 2834 manu
1150 2790 1223 2834 mea
1246 2773 1367 2856 scripta

191 2874 279 2956 typis
310 2873 538 2955 mandaverim,
568 2874 771 2955 maximeque
802 2873 937 2936 alteram
966 2872 1041 2937 libri
1063 2876 1188 2956 partem
1211 2893 1295 2956 qnae
1319 2878 1368 2940 est

193 2973 234 3038 de
256 2974 352 3040 rebus
374 2975 503 3040 rusticis
526 2981 558 3039 et
580 2975 796 3058 pastoralibus
812 2973 864 3058 (cf.
880 2995 909 3058 p.
924 2975 986 3038 429
1003 2975 1083 3059 sqq.)
1128 2975 1216 3039 Haeo
1240 2995 1367 3059 quoque

192 3081 225 3141 et
247 3077 392 3142 doctrina
415 3084 447 3142 et
470 3078 610 3142 utilitate
633 3078 908 3160 praestantissima
938 3077 1017 3140 mihi
1047 3076 1146 3160 digna
1172 3076 1367 3143 videbantur

192 3201 275 3262 quae
298 3181 498 3265 respicerem.
542 3182 688 3263 Denique
711 3181 792 3244 nihil
815 3180 906 3245 omisi
928 3180 1072 3262 nihilque
1096 3181 1239 3263 neglexi,
1270 3188 1308 3245 nt
1335 3183 1367 3246 in

194 3284 435 3365 quaestionibus
462 3285 542 3348 mels
568 3303 619 3348 res
648 3302 742 3348 veras
774 3283 1002 3366 investigarem
1035 3303 1073 3347 ac
1106 3281 1366 3348 demonstrarem.

192 3384 285 3464 Quod
308 3387 335 3451 si
357 3386 497 3451 fortasse
526 3406 589 3450 non
619 3387 738 3469 ubique
768 3387 846 3450 mihi
874 3385 1017 3469 contigit,
1046 3406 1086 3449 ne
1109 3384 1311 3452 obliviscaris
1334 3388 1367 3451 in

192 3489 288 3555 rebus
311 3489 545 3555 obscurissimis
567 3490 738 3554 veritatem
761 3491 928 3573 explorare
950 3487 1086 3553 arduum
1101 3507 1179 3552 esse.
1217 3489 1366 3554 Ceterum

192 3592 306 3657 melius
337 3598 386 3658 est
419 3593 545 3657 fortiter
579 3592 723 3659 conando
757 3612 944 3676 semperque
978 3589 1176 3675 quaerendo,
1209 3593 1271 3656 etsi
1305 3614 1365 3658 non

192 3715 354 3779 nunquam
378 3702 520 3761 errantes
542 3696 691 3761 veritatis
720 3696 784 3760 luci
810 3695 967 3779 paulatim
989 3694 1247 3779 appropinquare
1271 3715 1367 3778 quam

192 3797 289 3863 nimio
325 3800 438 3864 erroris
471 3804 557 3863 metu
590 3799 624 3863 in
657 3798 785 3864 silentio
818 3802 1060 3882 perseverantes
1093 3797 1174 3861 nihil
1203 3797 1367 3880 proficere.

278 3985 300 4053 1)
318 3985 367 4038 en.
386 3987 418 4039 n.
437 3987 570 4055 nepas,
589 3967 680 4041 rina
698 4003 744 4041 sur
761 3984 916 4054 reconna,
934 3985 1009 4039 rans
1030 3989 1093 4039 rses
1113 3984 1235 4054 (unone).

277 4073 299 4140 ῃ)
318 4072 349 4124 Ε.
368 4070 479 4140 Fairon,
504 4072 547 4126 Dc
566 4070 761 4127 l'authenticitb
780 4072 815 4128 de
833 4071 941 4140 l'ldylle
959 4070 1027 4126 VIII
1049 4071 1086 4124 du
1104 4070 1206 4125 recueil
1225 4071 1260 4125 de
1278 4069 1367 4127 Theo-

192 4156 269 4226 crite,
287 4157 314 4210 in
334 4157 447 4225 „Rcvue
465 4158 501 4212 dc
518 4158 612 4212 l’instr.
631 4159 706 4227 publ.
726 4174 760 4212 cn
773 4157 931 4227 Belgiquc“,
950 4163 1014 4212 tom.
1027 4156 1126 4211 XLIII.
1147 4161 1221 4212 1900.
1239 4174 1267 4227 p.
1283 4163 1366 4213 237-

192 4246 250 4298 244.
275 4329 296 4402 ³)
315 4328 349 4384 A.
363 4329 491 4402 Cartault,
510 4313 600 4386 Etude
618 4347 664 4386 sur
682 4331 722 4386 les
740 4329 907 4400 Bucoliqucs
926 4330 961 4384 de
975 4331 1086 4401 Virgile.
1122 4332 1207 4402 Paris,
1229 4336 1302 4390 1197.
