2866 4822
1260 256 1299 319 81

211 422 386 488 Obscurior
408 423 505 487 etiam
528 441 639 488 versus
655 424 696 487 30
719 422 847 487 exsistit
869 423 1036 503 sententia,
1059 424 1149 488 0111110
1173 423 1303 506 quidem

122 527 189 591 vim
213 524 448 609 proverbialem
464 525 617 604 novimus,
639 524 705 606 sed,
727 546 810 608 quae
833 545 883 590 res
906 530 962 589 aut
982 524 1068 608 quod
1088 525 1209 591 dictum
1232 548 1303 592 eam

101 628 329 709 excitaverit,
351 628 517 692 nescimus.
562 627 619 691 Vis
642 627 725 690 euim
756 627 850 691 huius
877 628 1038 710 proverbii
1068 634 1129 694 est:
1155 650 1194 692 ne
1217 649 1304 693 men-

124 729 241 796 dacem
263 751 315 794 me
337 728 464 811 reddas,
487 733 522 792 ut
545 729 578 792 in
600 727 643 792 id.
663 730 737 809 XII,
758 731 812 810 24,
843 750 904 812 qno
935 730 1006 794 1000
1028 750 1090 811 quo
1114 729 1211 795 cadat
1233 749 1304 795 sen-

124 834 240 915 tentia,
270 833 352 897 bene
375 832 582 914 intellegitur.
627 831 753 896 Deinde
782 832 810 896 si
840 829 961 914 φύσῃς,
994 833 1080 915 quod
1111 832 1208 916 vulgo
1239 841 1305 898 tra-

126 936 228 1018 ditur,
257 942 433 1016 servamus,
461 935 580 998 frustra
602 935 797 1016 quaerimur,
827 935 899 1017 quis
928 936 971 1000 sit
1001 937 1056 1018 qui
1088 936 1306 1019 compellatur,

126 1039 174 1104 siu
211 1043 321 1103 autem
355 1034 464 1118 aiom,
498 1035 584 1119 quod
617 1036 773 1102 conicitur
806 1036 955 1121 (111001),
988 1037 1172 1121 probamus,
1205 1039 1305 1103 nihilo

127 1146 236 1206 tamen
260 1141 364 1205 secius
386 1140 539 1220 celamur,
566 1140 621 1222 qui
644 1139 763 1204 factum
788 1140 838 1220 011,
861 1146 896 1203 ut
919 1136 1073 1223 11101101,
1100 1161 1140 1205 ue
1167 1141 1306 1205 mendax

127 1244 233 1324 fieret,
266 1247 403 1308 caveret.
448 1241 513 1306 Sed
543 1243 570 1306 10
601 1261 712 1306 versus
743 1243 910 1324 quominus
940 1262 1011 1306 oum
1041 1263 1136 1307 versu
1166 1246 1207 1308 29
1237 1248 1307 1308 arte

128 1347 355 1429 coniungatur,
377 1345 460 1409 nihil
482 1349 542 1426 001,
566 1342 652 1427 quod
675 1343 843 1428 impediat,
873 1366 925 1427 ac,
947 1346 1023 1428 quia
1046 1347 1205 1411 sententia
1228 1347 1308 1411 satis

128 1449 266 1532 insignis
289 1453 323 1513 et
344 1448 516 1532 peculiaris
538 1468 576 1511 eo
599 1448 797 1530 exprimitur,
820 1467 897 1513 casu
919 1448 1010 1512 illum
1032 1448 1092 1514 hoc
1115 1449 1186 1513 loco
1208 1449 1308 1513 iuter-

129 1553 249 1618 iectum
272 1569 344 1616 esse
366 1571 480 1634 parum
501 1550 675 1615 verisimile
699 1554 756 1615 est.
765 1552 787 1634 ¹)

215 1671 329 1735 Tertia
350 1675 443 1754 parte
465 1692 494 1734 v.
510 1672 549 1733 31
566 1688 647 1752 sqq:

233 1807 345 1888 τέττιξ
366 1807 428 1883 μὲν
451 1805 575 1888 τέττιγι
599 1805 705 1885 φίλος,
727 1800 875 1889 pelopum
899 1805 934 1870 oi
955 1802 1097 1891 μύρμαξ,

235 1909 347 1994 ἰ’ρηκες
370 1902 399 1973 d'
415 1908 533 1993 ἴρηξιν,
557 1906 628 1991 ἐμὶν
654 1897 718 1971 d'd
741 1911 853 1972 Μοῖσα
876 1909 931 1971 καὶ
955 1901 1042 1992 φ’δά.

237 2014 297 2088 τᾶς
318 2034 376 2095 μοι
399 2013 464 2086 πᾶς
487 2010 536 2092 εἴη
558 2015 672 2085 πλεῖος
696 2001 822 2092 δόμος·
840 2005 918 2074 οὔτε
941 2006 1003 2096 γὰρ
1027 2002 1134 2086 {lavor

235 2105 308 2179 οὔτ)
325 2111 383 2197 ἔαρ
406 2113 565 2194 ἐξαπίνας
588 2108 854 2197 γλυκερώτερον,
876 2106 955 2177 οὔτε
977 2114 1147 2195 polluente

236 2211 345 2282 ἄνθεα
361 2235 368 2248 ·
385 2213 509 2280 τόσσον
531 2213 604 2298 ἐμὶν
627 2220 752 2280 Μοῖσαι
775 2215 884 2295 φίλαι.
908 2210 967 2290 οὓς
988 2215 1048 2299 μὲν
1072 2205 1208 2299 operiere

235 2314 514 2403 1011011001,τοος
537 2309 565 2381 δ’
581 2312 658 2382 οὔτι
679 2321 777 2401 ποτῷ
799 2311 968 2400 cardeam
992 2319 1109 2403 Κίρκη.

133 2474 317 2559 elegantius
339 2473 519 2537 illustratur
546 2472 706 2537 sententia
732 2472 825 2537 haec:
855 2473 944 2536 nulla
969 2492 1020 2537 res
1043 2473 1142 2538 Musis
1166 2472 1313 2538 carmini·
1395 2516 1398 2521 -

133 2579 259 2662 busque
294 2577 398 2660 magis
432 2577 523 2640 iuvat
553 2582 652 2659 atque
682 2574 825 2640 delectat
854 2597 964 2641 verum
994 2581 1122 2660 poetam
1152 2573 1255 2659 neque
1286 2578 1313 2641 10

134 2682 202 2746 ulla
234 2681 266 2745 vi
296 2680 338 2744 ab
368 2679 434 2744 illis
464 2677 642 2744 abalienari
671 2682 786 2763 1101001.
830 2677 896 2743 Sed
926 2679 984 2744 1100
1015 2699 1073 2744 sex
1102 2699 1213 2744 versus
1244 2699 1314 2744 esse

135 2777 228 2868 ᾠδάν
251 2784 305 2848 vel
327 2783 425 2846 etiam
448 2773 537 2866 ᾠδάς
559 2783 646 2863 illas,
676 2802 760 2865 quae
790 2786 881 2846 tanta
912 2783 1065 2848 orationis
1094 2803 1213 2866 pompa
1241 2803 1314 2866 pro-

135 2886 333 2966 nuntiantur,
362 2903 455 2949 nemo
478 2885 540 2948 erit
562 2885 617 2966 qni
647 2883 767 2949 credat.
810 2886 940 2949 lactura
969 2885 1113 2969 profecto
1143 2886 1315 2950 multorum

136 3009 287 3055 versuum
310 2994 343 3053 et
366 2988 604 3070 sententiarum,
627 2988 743 3070 quibus
762 3007 813 3052 res
833 2989 1014 3053 accuratius
1031 2994 1199 3054 enarratae
1216 2994 1315 3071 eraut,

136 3093 258 3158 factum
287 3095 348 3172 001,
378 3095 414 3155 ut
442 3111 501 3155 eae
531 3110 614 3172 quae
645 3097 815 3174 supersunt
844 3093 1022 3156 sententiae
1053 3092 1170 3175 partim
1200 3093 1315 3175 perob-

138 3215 253 3261 scurae
275 3193 374 3259 menti
397 3215 460 3258 nou
489 3198 660 3277 suppetere
683 3193 862 3259 videantur.
906 3195 1033 3258 Etenim
1064 3196 1091 3259 01
1121 3195 1213 3260 nobis
1243 3216 1316 3279 per-

137 3296 346 3363 suadebimus
373 3315 427 3361 eos
450 3315 561 3361 versus
588 3315 658 3361 esse
681 3296 835 3378 reliquias
865 3298 1014 3362 carminis
1045 3297 1119 3361 olim
1151 3298 1315 3381 amplioris

138 3406 171 3466 et
192 3405 307 3485 postea
330 3400 479 3483 corrupti,
508 3399 656 3482 aenigma
680 3398 767 3482 quod
789 3399 935 3464 videmus
962 3400 995 3464 in
1017 3401 1068 3464 his
1091 3401 1237 3465 versibus
1261 3422 1315 3484 op-

133 3503 216 3568 time
253 3501 478 3587 explicabitur.
535 3502 681 3584 Itemque
715 3503 856 3585 reliquas
893 3501 1000 3586 idyllii
1037 3508 1146 3587 partes
1180 3503 1314 3567 similem
1414 3516 1418 3520 ’

138 3606 295 3691 praebere
317 3605 458 3689 speeiem
477 3623 573 3688 supra
593 3603 766 3671 docuimus.
800 3606 832 3670 Is
847 3611 955 3670 antem
976 3605 1030 3687 qui
1050 3609 1152 3669 totum
1167 3604 1314 3689 idyllium

139 3708 374 3793 conglutinavit
411 3712 444 3772 et
480 3708 613 3791 prologo
657 3708 823 3790 instruxit,
865 3729 937 3774 cum
979 3713 1155 3773 extremam
1192 3714 1317 3792 partem

140 3812 180 3896 (v.
196 3813 238 3876 28
251 3809 332 3894 sqq.)
356 3808 501 3891 adderet,
522 3829 584 3874 non
607 3808 641 3874 id
664 3810 740 3893 egit,
763 3816 799 3875 ut
821 3815 920 3875 totam
945 3811 1163 3877 collectionem
1189 3832 1225 3875 eo
1250 3810 1318 3894 epi-

138 3915 211 3998 logo
236 3911 451 3994 concluderet,
473 3932 583 3977 verum
606 3911 641 3976 id
663 3917 797 3994 tantum,
820 3917 855 3977 ut
877 3913 1030 3996 reliquias
1054 3914 1211 3992 iuventas,
1239 3933 1316 3995 quo-

140 4037 265 4100 cunque
297 4014 394 4080 modo
424 4015 494 4079 fieri
527 4015 645 4099 potnit,
682 4015 714 4079 in
752 4021 936 4080 contextum
970 4016 1173 4100 speciemque
1210 4015 1317 4099 idyllii

139 4120 317 4204 redigeret,
346 4138 410 4201 qua
439 4118 472 4182 in
501 4119 625 4182 ratione
659 4118 689 4182 ei
718 4118 815 4182 libuit
846 4118 924 4183 dare
957 4119 1176 4184 interlocutori
1207 4137 1318 4183 versus

140 4259 346 4269 --...-----

227 4343 249 4415 ¹)
268 4341 311 4397 (11,
328 4339 463 4410 Legrand.
481 4339 499 4396 l.
511 4339 529 4400 l.
547 4358 574 4409 p.
587 4345 611 4397 9.
