2866 4822
1263 247 1302 312 75

125 417 214 483 Gon.
236 413 425 500 παρεόντος
447 417 534 498 XIV,
550 418 599 481 21.
622 416 692 498 XV,
710 418 757 481 12.
780 416 885 498 XVII,
906 418 953 482 10.
976 416 1078 498 XXV,
1099 419 1148 499 77,
1170 419 1239 482 167.
1262 455 1304 464 -

334 519 434 602 (Bion.
451 518 538 600 VIII,
553 519 595 603 2).
617 556 659 565 -

282 619 448 704 παρούσας
474 621 508 703 V,
524 622 573 685 26.

124 725 210 789 Dat.
234 719 327 788 ἐόντι
350 724 374 805 I,
394 725 443 789 44.

125 827 211 894 Ace.
235 822 336 891 ἐόντα
359 826 401 908 II,
418 829 487 891 100.
511 827 548 908 V,
568 828 617 891 36.
645 828 716 909 VII,
732 829 781 892 79.
803 828 861 909 XI,
881 829 909 892 5.
930 829 979 893 69.
1002 828 1104 911 XVII,
1125 830 1174 892 58.
1197 829 1304 911 XXII,

274 925 277 931 ⁴
334 930 384 994 97.
407 929 527 1011 XXIV,
544 931 571 993 1.
593 930 696 1011 XXV,
713 931 782 994 147.

282 1042 467 1113 παρεοῑσαν
490 1030 547 1113 XI,
563 1033 612 1096 75.
635 1068 677 1077 —
700 1017 803 1096 οὖσαν
824 1032 978 1115 XXVIII,
994 1034 1043 1096 16.

632 1185 803 1252 Pluralis

127 1288 229 1352 Nom.
252 1283 358 1351 ἐοῖσαι
380 1286 499 1368 XXVI,
519 1289 547 1350 2.

128 1389 216 1455 Gen.
239 1384 369 1453 ἐόντων
391 1389 498 1471 XXII,
514 1390 542 1454 6.
564 1390 753 1471 XXV,100.
772 1392 841 1456 197.

251 1534 256 1543 ³
283 1485 483 1575 παρεόντων
506 1490 597 1573 XIII,
613 1493 662 1557 68.
686 1529 725 1538 -
749 1485 929 1557 ἀπεόντων
951 1494 991 1575 X,
1007 1495 1034 1557 8.

128 1595 212 1658 Dat.
236 1591 353 1658 ἐοῦσιν
375 1592 479 1674 XVII,
495 1595 602 1658 69-
623 1596 788 1678 παρεοῦσι
810 1595 912 1677 XXV,
929 1597 998 1660 188.

127 1696 213 1761 Αοο.
235 1699 340 1760 vacat.

215 1814 295 1881 Inde
325 1815 470 1898 sequitur
498 1814 551 1880 hic
580 1814 680 1880 index
709 1815 842 1882 rationis
875 1816 1058 1882 declinandi
1093 1824 1174 1902 part.
1204 1837 1306 1902 praes.

128 1941 158 1984 v.
182 1917 264 2002 alpi:

592 2020 811 2105 Singularis

336 2141 427 2206 Nom.
489 2134 554 2204 ὲοόν
695 2137 796 2219 ἐοῖσα,
820 2132 901 2204 εὗσα
1010 2178 1052 2188 -

338 2241 415 2308 Gen.
491 2238 608 2317 ἐόντος
695 2238 841 2326 (ἐθίσας),
864 2237 962 2319 οὔσας
1011 2281 1053 2289 -

336 2343 411 2407 Dat.
491 2338 583 2407 ἐόντι
693 2339 807 2429 (ἐοῖσα,
831 2337 922 2430 τόσα)
1009 2383 1051 2391 -

338 2445 413 2511 Αοο.
489 2437 591 2509 ἐόντα
694 2442 817 2524 daldun,
839 2431 939 2510 εὗσαν
1009 2485 1051 2494 -

614 2597 783 2662 Pluralis

338 2719 429 2784 Nom.
492 2713 628 2802 (ἐόντες)
695 2716 799 2782 dolcat
822 2703 941 2802 (τόσαι)
1010 2757 1052 2765 -

340 2816 417 2886 Gen.
493 2815 622 2884 ἐόντων

338 2924 413 2988 Dat.
492 2920 631 3007 e'odoc(v)

338 3024 412 3090 Acc.
492 3020 633 3107 (ἐόντας)
794 3062 836 3071 -
1012 3064 1053 3072 -

219 3146 339 3212 Contra
360 3144 444 3210 hanc
466 3141 704 3207 multitudinem
728 3144 944 3227 exemplorum
974 3151 1062 3210 stant
1088 3150 1216 3229 praeter
1242 3151 1309 3210 tres

131 3250 207 3314 illas
230 3249 348 3314 formas
371 3247 466 3312 huius
488 3245 594 3330 idyllii
625 3245 688 3310 duo
711 3245 773 3310 loci
796 3247 911 3329 quibus
934 3242 980 3310 ὤν
1007 3248 1138 3330 legItur,
1165 3248 1250 3331 prlor
1276 3248 1308 3311 in

132 3351 176 3416 id.
192 3350 282 3431 VIII,
297 3352 347 3431 52,
370 3370 445 3432 ergo
468 3349 501 3412 in
523 3353 616 3431 parte
638 3348 769 3412 insitiva
791 3348 940 3414 carminis
964 3348 1016 3432 (cf.
1036 3369 1065 3432 p.
1081 3351 1148 3432 54),
1171 3348 1254 3412 alter
1276 3349 1308 3413 in

132 3452 176 3517 id.
200 3453 273 3534 XX,
295 3453 324 3534 3,
357 3451 496 3517 carmine
526 3455 613 3515 certe
643 3450 758 3533 spurio.
810 3447 981 3533 Addimus,
1014 3456 1049 3515 ut
1082 3451 1187 3516 omnia
1221 3451 1310 3517 colli-

132 3574 261 3640 gamus:
283 3555 382 3638 epigr.
397 3554 490 3636 ΧΙ,6
513 3545 589 3630 ἐών,
613 3554 677 3617 v.3
700 3546 792 3616 ὄντα.
816 3591 858 3598 -
881 3554 968 3618 Bion.
984 3554 1008 3636 I,
1025 3555 1063 3618 61
1089 3550 1163 3630 ἐών,
1188 3555 1227 3618 71
1251 3546 1308 3618 τόν.

220 3675 349 3753 Quare
372 3677 534 3756 comperta
556 3672 621 3736 iam
643 3692 704 3735 non
728 3671 860 3736 dubium
883 3678 945 3754 est,
971 3673 1047 3755 quin
1070 3672 1192 3737 formae
1214 3672 1309 3738 huius

133 3777 255 3862 idyllii:
284 3771 414 3857 παρών,
444 3771 624 3858 παρόντος,
655 3767 752 3838 οὖσιν
781 3775 946 3840 TheocrIti
976 3774 1050 3840 stilo
1080 3795 1142 3839 non
1172 3776 1310 3859 scriptae

134 3881 207 3946 sint.
230 3881 401 3961 -Atque
424 3878 522 3942 etiam
545 3896 639 3942 versu
664 3879 712 3957 17,
742 3877 774 3940 in
802 3897 864 3960 quo
894 3877 1057 3943 Menalcas
1087 3876 1171 3941 idem
1203 3878 1311 3942 ovium

135 3988 168 4049 et
202 4001 371 4066 caprarum
403 3984 512 4065 pastor
546 3979 772 4063 conspiciatur,
806 3977 950 4063 proditur
982 3985 1079 4065 poeta
1113 3980 1257 4045 diversus
1290 4000 1311 4044 a

135 4085 316 4150 TheocrIto.
360 4083 506 4165 Denique
536 4081 675 4163 accedit,
705 4079 791 4163 quod
821 4081 873 4146 hic
902 4083 1147 4166 praepositionis
1177 4082 1311 4147 formam

134 4183 234 4271 πρός,
265 4205 348 4268 quae
377 4185 496 4269 legitur
525 4185 557 4247 in
588 4205 616 4248 v.
642 4186 694 4266 18,
724 4184 844 4249 vitasse
873 4182 1010 4265 videtur,
1041 4186 1117 4269 quia
1146 4180 1232 4266 πρός
1261 4185 1311 4249 bis

139 4290 188 4373 (V,
208 4291 249 4354 39
272 4295 305 4352 et
327 4288 448 4370 XVIII,
468 4286 536 4371 55),
566 4291 676 4351 contra
702 4287 784 4351 ποτί
814 4286 899 4351 circa
928 4286 1123 4371 quadragies
1152 4289 1237 4351 intra
1267 4306 1310 4352 cc.
