2866 4822
128 242 168 306 26

127 413 158 476 in
175 433 269 476 unum
287 411 465 476 sententiae
481 412 656 475 membrum
672 413 756 476 coire
772 432 895 489 censeo,
911 412 997 494 quod
1009 413 1140 477 verbum
1158 426 1300 486 vrxuortc

127 515 327 599 supplentem
344 514 478 579 canendi
495 515 559 579 vim
576 507 748 595 desiderat,
764 516 848 580 sicut
862 515 998 598 legimus
1014 515 1046 578 in
1061 514 1104 580 id.
1117 517 1191 598 VII,
1205 519 1247 581 39
1259 536 1300 600 sq.

127 611 206 682 οὔτε
237 611 299 681 τὸν
328 612 451 681 ἐσθλόν
471 617 475 700 Ι
495 619 677 682 Σικελὶὸαν
701 619 834 701 stuppa
856 613 917 681 τὸν
948 615 984 680 ἐκ
1007 614 1114 700 Eupo
1142 609 1225 684 οὐδὲ
1250 623 1301 684 Φι-

127 724 232 804 λητᾶν
256 720 260 802 l
285 710 443 795 deiocus,-
476 720 617 803 itemque
647 721 679 784 in
708 742 736 785 r.
759 721 775 784 7
804 718 856 784 id.i
875 720 964 785 VIIIi
987 719 1040 805 (cf.
1064 722 1163 785 etiarn
1195 743 1226 787 v.
1251 722 1299 806 sl)

127 828 196 888 arte
219 823 405 908 adiungitur
429 817 550 888 ἀείδων
574 825 616 889 ad
640 837 800 906 rixosum
822 829 991 909 praeterea
1013 829 1160 908 praestat
1175 821 1300 909 rdy'ad

127 941 272 1002 νικασεῖς
300 927 415 991 referri
447 948 542 1010 quarn
572 927 614 992 ad
636 928 780 1004 παθέοις
801 932 932 1011 propter
955 927 1134 1010 oppositum
1158 950 1209 1010 με.
1256 929 1300 992 Ex

127 1029 177 1094 bis
200 1030 299 1112 igitur
321 1030 429 1095 verbis
452 1031 579 1095 exsistit
602 1031 682 1096 haec
705 1031 864 1096 sententia
887 1030 987 1094 clara:
1016 1033 1064 1110 ,tn
1097 1029 1232 1112 quidem
1254 1053 1300 1096 me

127 1131 287 1197 cantando
310 1153 371 1198 non
395 1133 526 1214 vinces’,
555 1154 618 1217 qua
641 1134 801 1198 sententia
828 1130 1068 1198 accommodate
1090 1132 1300 1216 respondetur

127 1233 170 1299 ad
193 1236 292 1299 verba
307 1235 472 1301 Menalcae
496 1235 536 1320 (u.
554 1236 599 1320 7):
623 1237 705 1319 φαμὶ
728 1260 769 1300 τυ
793 1247 939 1300 νικασεῐν
962 1271 1004 1280 -
1028 1225 1161 1299 ἀείδων.
1200 1235 1299 1320 (Iden

127 1342 293 1402 senserunt
315 1338 496 1422 Kiessling,
519 1339 764 1419 Wuestemann,
787 1338 913 1419 Ameis,
942 1337 1019 1422 alii).
1064 1337 1093 1402 U
1137 1343 1229 1403 recte
1258 1339 1299 1403 ita

126 1440 383 1523 interpretemur,
413 1439 498 1523 quod
530 1447 691 1524 putamus,
729 1441 792 1504 iam
822 1460 916 1524 porro
947 1439 1143 1524 opinandum
1177 1446 1229 1505 est
1261 1440 1299 1505 ad

127 1543 326 1607 enuntiatum
350 1536 452 1607 ὅσσον
476 1543 569 1606 θέλω
592 1535 695 1617 αὐτός
718 1573 758 1597 --
782 1548 948 1626 ,quantum
975 1543 1069 1626 cupio
1092 1563 1165 1607 mea
1188 1548 1299 1627 sponte

126 1637 266 1730 (corriel
297 1647 394 1710 etiam
413 1649 571 1729 spectare
598 1646 822 1711 concinnitatis
849 1647 922 1728 lege
952 1651 1081 1710 servata
1103 1665 1219 1711 versus
1249 1646 1298 1710 de-

127 1749 199 1812 cimi
230 1748 365 1812 alterum
396 1749 569 1812 membrum
601 1740 666 1813 ov'd
687 1740 725 1812 ’ri
751 1749 908 1826 παθέοις,
940 1753 975 1811 ut
1004 1747 1101 1812 facile
1131 1747 1299 1830 divinetur,

128 1849 205 1932 quid
228 1850 290 1915 sibi
313 1851 413 1915 velint
435 1851 516 1916 haec
539 1852 647 1932 verba,
673 1852 727 1916 vel
748 1852 863 1935 potius,
893 1850 973 1934 quid
998 1851 1038 1915 iis
1062 1856 1175 1915 auctor
1199 1850 1298 1917 dictu-

126 1973 179 2017 rus
203 1953 312 2033 suerit3
339 1973 451 2037 nempe
475 1953 547 2018 hoc:
574 1975 622 2034 ,nc
645 1957 710 2017 turn
735 1952 873 2036 quidem,
897 1954 924 2017 si
946 1958 1013 2018 tarn
1035 1953 1137 2017 multa
1160 1953 1214 2018 vel
1237 1959 1298 2018 tarn

126 2055 182 2119 diu
205 2056 367 2135 cecineris,
391 2076 484 2139 quam
516 2077 629 2121 canere
652 2057 713 2121 tibi
742 2056 832 2121 licet’
862 2057 931 2120 ie.
961 2053 1068 2138 quoad
1097 2056 1298 2121 exanimatus

126 2163 223 2241 atque
246 2158 409 2223 consectus
431 2159 502 2239 eris,
525 2165 560 2222 ut
582 2159 749 2239 moriaris,
779 2159 923 2242 praecise
954 2159 1052 2242 igitur
1074 2158 1221 2239 ,etiarnsi
1251 2178 1298 2224 us·

127 2281 188 2343 que
218 2259 260 2323 ad
291 2260 463 2344 perniciem
494 2266 582 2325 tuam
613 2260 743 2325 cantes’.
788 2260 852 2325 Sed
886 2259 969 2324 hanc
1000 2260 1193 2324 sententiam
1229 2282 1299 2326 vere

126 2363 262 2446 exprimi
292 2363 357 2427 illis
387 2363 494 2427 verbis
525 2354 598 2427 οὐδ’)
621 2363 649 2427 εἰ
671 2363 814 2438 audiere
844 2363 916 2445 quis
947 2367 996 2427 est
1026 2363 1080 2445 qui
1110 2362 1299 2446 intellegat?

127 2465 175 2529 Ac
206 2467 342 2549 primum
377 2464 506 2548 quidem
537 2465 579 2530 ad
611 2473 712 2530 artem
743 2466 985 2549 grammaticam
1019 2466 1046 2529 si
1081 2465 1300 2530 examinemus

127 2569 239 2650 locum,
262 2568 515 2652 reprehendatur
538 2573 665 2653 oportet
687 2575 720 2633 et
742 2568 828 2652 quod
843 2570 975 2634 verbum
998 2572 1086 2633 caret
1108 2569 1249 2651 obiecto,
1271 2573 1300 2633 et

127 2671 211 2754 quod
243 2672 382 2736 insolens
411 2672 517 2756 posita
547 2676 596 2736 est
625 2672 727 2736 fcrnra
757 2672 901 2754 optativi.
959 2673 1074 2754 ltaque
1104 2670 1300 2736 editionibus

127 2776 281 2857 omnibus,
312 2795 391 2858 quas
415 2774 545 2858 quidem
567 2775 771 2858 inspexerim,
794 2779 957 2858 receptum
980 2778 1030 2840 est
1060 2772 1143 2839 εἴτι
1166 2772 1300 2858 πάθοις,

127 2899 209 2961 quae
240 2877 421 2943 emendatio
455 2878 562 2943 nescio
597 2899 617 2942 a
650 2898 712 2960 quo
745 2877 890 2961 prolecta
924 2875 1139 2942 commendari
1173 2877 1300 2944 ridetur

126 2981 244 3064 partim
272 3001 310 3045 ca
341 3001 423 3063 quae
446 2981 590 3045 variatur
620 2981 789 3064 scriptura:
820 2979 849 3044 si
870 3003 902 3042 rr
924 2979 1061 3056 παθέεις
1093 2980 1300 3064 (quamquam

127 3105 166 3148 ea
188 3085 259 3167 ipsa
280 3087 387 3168 potest
416 3084 528 3148 haberi
559 3083 727 3168 correcta),
758 3083 888 3166 partim,
919 3104 989 3148 cum
1019 3083 1191 3166 respicitur
1222 3082 1300 3148 illud

127 3187 270 3252 Atticum
292 3181 334 3273 ἢν
357 3210 389 3249 τι
411 3183 525 3251 πάθω.
569 3184 634 3250 Sed
656 3186 737 3251 haec
760 3184 930 3250 emendata
956 3185 1052 3250 lectio
1073 3185 1189 3250 nititur
1212 3185 1300 3250 dum·

126 3294 220 3355 taxat
249 3291 407 3374 scriptura
436 3290 520 3353 male
549 3288 671 3353 tradita
700 3310 803 3372 neque
825 3326 867 3333 —
895 3287 930 3352 id
960 3286 1046 3371 quod
1075 3289 1300 3371 gravissimum

127 3397 240 3458 est-
262 3393 387 3458 omnino
410 3393 509 3457 menti
532 3393 692 3457 satisfacit
702 3396 734 3475 1);
757 3414 831 3457 nam
854 3412 924 3456 curn
947 3391 1077 3456 dicitur:
1100 3396 1148 3474 ,tu
1172 3391 1300 3475 quidem

128 3517 178 3560 mc
201 3495 360 3560 cantando
381 3516 442 3559 non
457 3497 573 3577 vinces,
596 3517 635 3560 ne
658 3497 705 3560 ita
727 3495 865 3579 quidem,
888 3495 914 3560 si
938 3493 1016 3577 quid
1038 3493 1100 3558 tibi
1123 3493 1300 3575 acciderit’,

128 3599 281 3664 sentimus
296 3619 357 3663 non
373 3599 452 3663 satis
467 3598 595 3682 plenam
612 3617 681 3663 esse
697 3620 768 3662 eam
783 3599 983 3678 locutionem,
998 3595 1056 3662 sed
1071 3597 1299 3663 subobscuram

129 3707 225 3783 atque
248 3699 467 3766 desideramus
489 3701 521 3764 in
545 3700 658 3765 eadem
681 3703 837 3765 rationem
867 3719 1060 3784 expressam,
1090 3720 1173 3782 quae
1205 3701 1300 3765 inter·

129 3803 223 3868 cedat
245 3805 327 3868 inter
350 3803 546 3869 moriendum
570 3809 603 3868 et
625 3803 811 3869 canendum.
855 3805 944 3868 Haec
971 3804 1070 3885 igitur
1096 3823 1224 3867 mecum
1253 3823 1299 3867 re·

214 3956 235 4025 1)
253 3957 343 4011 Etiam
361 3957 464 4010 numeri
477 3972 572 4011 versus
590 3957 710 4010 inusitati
728 3956 796 4009 fiunt
808 3956 937 4010 trochaeo
955 3960 1017 4009 ante
1034 3954 1197 4009 incisionem
1214 3954 1300 4025 quarti

127 4043 205 4110 pedis
223 4043 322 4111 posito,
344 4042 409 4096 licet
428 4040 582 4111 excusetur,
606 4048 669 4096 uta
688 4041 825 4095 lleinekio
844 4040 860 4094 l.
878 4041 895 4094 l.
914 4058 940 4109 p.
954 4046 1003 4094 264
1023 4046 1051 4094 et
1068 4056 1084 4094 a
1101 4039 1299 4097 Fritnsch-Hill.

127 4127 162 4180 ad
185 4128 222 4182 id.
246 4128 348 4196 XXIV,
369 4132 391 4181 1.
436 4127 535 4181 Contra
563 4127 678 4181 Brinker
695 4127 711 4180 l.
730 4127 747 4179 l.
770 4131 842 4194 p.23
870 4126 1022 4180 offenditur.
1065 4124 1105 4180 Cf.
1130 4127 1232 4181 Kunst,
1251 4125 1299 4180 ΙΙ.

127 4230 153 4280 p.
167 4219 206 4267 62.
220 4219 261 4268 49.
280 4245 312 4252 -
330 4215 477 4268 Praeterea
494 4214 557 4267 huic
575 4213 678 4267 formae
697 4211 890 4267 condicionalis
902 4204 1054 4266 sententiae
1066 4225 1119 4266 non
1133 4216 1177 4267 est
1188 4213 1300 4268 alterurn

128 4300 283 4368 exemplum
302 4299 375 4368 apud
393 4299 444 4352 Th.
475 4296 515 4354 cf.
528 4294 645 4367 Wihlin,
665 4298 699 4351 de
718 4314 768 4352 usu
787 4298 929 4352 modorum
948 4298 1064 4352 Theocr.
1081 4313 1108 4365 p.
1122 4301 1155 4352 36
1173 4297 1203 4352 in
1220 4299 1300 4354 sore

126 4383 211 4455 borgs
229 4385 389 4458 Hdgskolas
407 4367 551 4454 ltrsslrrlft,
569 4385 622 4438 vol.
636 4384 684 4438 ΙΙΙ,
706 4388 778 4438 lssr.
797 4415 829 4423 —
