2866 4822
127 275 167 341 50

127 446 192 512 Sed
214 467 254 510 ne
277 446 369 511 nimis
393 443 513 510 creduli
538 446 635 510 simus
659 443 833 508 bellissimo
857 442 1006 508 dictionis
1029 444 1136 525 colori,
1165 444 1292 529 impedi·

126 569 196 613 mur
217 548 363 631 vestigiis
394 547 583 630 quibusdam
611 547 761 627 detectis,
788 545 904 628 quibus
932 546 1064 610 carmini
1091 545 1173 612 fides
1195 547 1292 612 Theo

127 652 246 716 criteae
270 651 401 734 originis
424 650 606 732 abrogatur.
651 650 699 713 De
727 668 791 731 qua
814 669 847 712 re
870 649 1047 731 quaesituri
1069 649 1293 733 proficiscimur

126 774 146 818 a
168 752 293 818 duabus
315 752 482 837 particulis
504 748 545 837 ἦν
568 756 600 815 41
624 743 673 832 dv,
696 771 779 833 quae
801 751 947 833 singulae
970 751 1020 815 bis
1042 752 1170 835 positae
1192 753 1224 815 in
1240 751 1293 817 hoc

127 856 266 921 carmine
288 855 448 919 maximae
471 854 637 918 offensioni
664 856 737 918 sunt
764 873 824 918 nnn
851 854 963 936 ignaro
993 854 1146 918 sermonis
1177 859 1293 938 potitae.

127 959 210 1022 Nam
233 956 318 1022 idem
341 955 427 1038 quod
456 975 554 1040 supra
584 954 625 1039 (p.
649 955 702 1039 40)
732 954 774 1019 de
796 947 837 1041 ἢν
867 954 1166 1039 demonstravimus,
1196 957 1229 1020 in
1258 950 1294 1020 do

43 1052 45 1055 ’
126 1079 252 1142 quoque
285 1059 387 1140 valet,
422 1079 478 1142 pro
512 1077 575 1140 qua
608 1057 768 1141 particula
801 1057 912 1140 utique
944 1058 1050 1122 alicua
1080 1058 1122 1123 ab
1157 1058 1293 1123 oratione

127 1160 290 1226 Theocriti
313 1161 382 1244 ipse
408 1161 526 1243 ubique
553 1159 660 1243 posuit
687 1183 724 1222 κε
754 1164 787 1223 41
815 1159 883 1223 4144
913 1159 1030 1224 formas
1059 1160 1205 1225 variatas
1235 1183 1294 1243 xer,

126 1255 166 1342 κ’,
187 1256 216 1347 χ’
240 1283 358 1346 easque
380 1262 637 1344 duodesexagies
660 1267 692 1326 41
708 1286 757 1325 -κα
784 1261 961 1344 quinquies,
987 1262 1048 1327 nisi
1071 1263 1158 1346 quod
1187 1258 1230 1327 dv
1254 1263 1293 1327 iu·

126 1366 252 1431 venitur
275 1367 305 1430 in
329 1365 453 1430 duobus
480 1365 558 1449 ipsis
585 1363 709 1447 Idylliis
732 1364 811 1427 VIII
835 1369 867 1428 41
890 1364 938 1427 IX
962 1363 1042 1448 (24),
1069 1385 1154 1453 quae
1181 1370 1293 1431 tracta-

126 1488 196 1533 mus
229 1473 392 1551 tamquam
423 1474 585 1551 suspecta;
615 1467 647 1530 in
678 1466 794 1531 ceteris
824 1467 1017 1532 carminibus
1046 1467 1196 1549 genuinis
1227 1469 1294 1552 (-

126 1568 249 1653 XVIII)
273 1570 481 1635 observantur
503 1576 569 1632 tres
591 1567 653 1633 loci
676 1567 799 1648 incerti,
827 1587 906 1649 quos
929 1567 1163 1633 consideraturi
1186 1588 1293 1635 sumus.

126 1671 169 1735 At
191 1673 222 1735 in
247 1670 354 1736 dubiis
378 1670 500 1755 idylliis
523 1670 730 1754 praevalente
753 1675 860 1733 tamen
880 1670 913 1733 in
932 1670 983 1734 his
1000 1690 1125 1752 quoque
1141 1672 1294 1754 particula
1329 1660 1331 1664 ¹

127 1798 163 1837 κε
186 1774 358 1857 aliquoties
381 1768 423 1837 ἄν
452 1772 571 1856 legitur
602 1771 653 1855 (cf.
677 1773 708 1836 ll.
731 1772 820 1853 XXI,
837 1773 891 1850 343
911 1774 960 1837 59.
983 1772 1089 1853 XXII,
1105 1774 1156 1837 62.
1179 1774 1294 1854 XXIII,

128 1878 181 1954 35;
197 1877 247 1938 41.
269 1875 388 1955 XXIV,
410 1876 479 1939 114.
501 1874 603 1955 XXV,
623 1875 676 1952 823
697 1874 784 1955 347),
814 1872 872 1937 sed
899 1873 931 1936 in
961 1873 1027 1938 idd.
1050 1874 1294 1940 XXVI-XXX

128 1970 169 2040 dn
192 1997 347 2060 nusquam
370 1977 549 2060 praebetur.

212 2080 280 2143 Iam
304 2078 345 2143 de
367 2079 488 2143 incerto
511 2078 612 2162 primo
635 2078 713 2159 loco,
736 2079 790 2160 qui
814 2079 917 2142 estin
940 2077 1055 2162 idyllio
1071 2079 1150 2143 XVI
1170 2080 1293 2146 Hieroni

127 2179 287 2262 dedicato,
317 2181 457 2246 breviter
488 2180 748 2264 disceptabimus.
800 2180 897 2245 Cuius
928 2182 1078 2245 carminis
1108 2183 1170 2247 etsi
1200 2184 1294 2248 tribus

126 2282 199 2348 aliis
229 2283 307 2349 locis
337 2307 374 2347 κε
403 2283 534 2366 legitur,
565 2283 689 2348 duobus
719 2284 750 2346 in
781 2284 927 2348 versibus
957 2285 998 2348 48
1028 2289 1061 2348 41
1091 2286 1132 2348 54
1163 2284 1294 2351 editores

126 2391 270 2451 recentes
300 2386 459 2469 scriptura
487 2406 549 2449 non
579 2390 745 2450 constante
768 2385 913 2469 plerique
945 2379 987 2449 dv
1016 2392 1216 2470 receperunt,
1244 2385 1294 2452 sed

125 2508 237 2572 parum
259 2492 356 2569 14414,
380 2494 415 2551 41
438 2488 529 2552 nobis
551 2488 750 2552 tentantibus
772 2488 876 2552 locum
899 2488 1001 2552 visum
1024 2493 1081 2552 est.
1109 2489 1294 2554 Fluctuantc

127 2591 210 2655 enim
237 2591 373 2655 lectione
400 2592 574 2655 14144448
602 2591 685 2655 inter
710 2583 752 2654 dv
775 2590 885 2674 (vulg.)
913 2596 946 2655 41
973 2582 1013 2673 do
1037 2589 1100 2674 (p),
1126 2593 1295 2657 14144454

126 2694 210 2758 14141
232 2686 262 2756 ‹i'
277 2686 318 2758 dv
340 2689 489 2776 ὑφορβός
505 2692 547 2774 (k.
563 2691 646 2756 Med.
662 2691 734 2774 Ald.
751 2692 845 2777 lunt.)
869 2697 902 2756 41
925 2692 953 2755 ‹l'
968 2682 1009 2756 dv
1032 2682 1197 2776 ὁφορβός
1214 2693 1295 2778 (ap.)

127 2800 160 2860 41
183 2788 245 2861 δ’ὁ
269 2792 437 2878 συφορβός
461 2796 512 2879 (14.
528 2815 551 2860 s.
569 2794 660 2880 Call.)
685 2794 862 2877 quaeritur,
890 2815 973 2878 quac
1000 2796 1042 2860 sit
1069 2799 1207 2878 utroque
1234 2798 1295 2861 loeo

127 2898 381 2964 commodissima
397 2898 449 2963 vel
468 2899 635 2963 verissima
657 2899 827 2981 scriptura;
851 2898 1052 2963 Ambrosiani
1074 2899 1160 2962 enim
1183 2899 1296 2965 codicib

128 3000 172 3085 (11)
194 2997 378 3082 4441411144,
401 3021 594 3082 quamquam
616 3001 643 3064 is
665 3000 748 3089 liber
771 3004 819 3064 est
839 3001 977 3065 omnium
997 3002 1297 3084 praestantissimus,

126 3107 193 3168 tam
214 3103 323 3187 magni
346 3103 509 3168 aestimari
536 3123 597 3166 non
627 3100 737 3183 debet,
767 3106 803 3165 ut
833 3103 901 3167 eius
931 3103 1120 3186 scripturae,
1151 3104 1180 3168 si
1210 3102 1296 3169 modo

126 3205 196 3270 fieri
218 3209 336 3289 potest,
363 3206 475 3287 utique
498 3205 566 3269 sine
596 3205 681 3270 omni
712 3203 914 3270 dubitatione
944 3205 1152 3288 accipiantur.
1197 3206 1298 3290 Atque

126 3307 278 3373 hocloco
301 3307 455 3372 lectiones
478 3328 560 3389 quae
589 3300 629 3370 dv
656 3327 717 3372 non
744 3306 910 3390 exhibent,
933 3307 1005 3373 dico
1033 3299 1074 3390 dp
1101 3313 1135 3372 et
1163 3300 1228 3373 δ’ὁ
1250 3325 1298 3374 συ-

128 3403 268 3492 φορβός,
297 3413 330 3473 41
360 3407 529 3473 traduntur
559 3413 656 3492 atque
688 3407 903 3473 defenduntur
932 3410 1023 3493 ipsae
1054 3430 1181 3493 quoque
1211 3411 1298 3476 bonis

126 3510 218 3576 libris
248 3532 351 3592 neque
381 3512 484 3576 minus
514 3512 594 3575 benc
617 3511 855 3595 intelleguntur,
885 3532 979 3594 quam
1015 3512 1042 3577 si
1071 3504 1114 3576 ἄν
1143 3514 1298 3580 scribitur.

127 3613 170 3678 Et
193 3612 325 3678 caedem
348 3614 446 3677 etiam
468 3614 700 3696 probabiliores
724 3611 917 3679 videbuntur
940 3615 1034 3679 simul
1056 3619 1156 3698 atque
1179 3636 1298 3681 omnem

127 3714 230 3780 locum
260 3715 464 3798 inspiciemus
491 3720 524 3779 41
553 3716 768 3799 respiciemus.
812 3716 990 3800 Tripartita
1019 3717 1103 3781 enim
1133 3718 1298 3784 verborum

129 3818 368 3882 continuatione
402 3816 442 3900 (u.
469 3818 609 3898 40-57)
643 3823 739 3901 potita
772 3818 947 3883 illustravit
981 3819 1174 3883 sententiam
1208 3821 1298 3885 hanc:

127 3920 280 3983 memoria
302 3918 467 4001 gloriaque
487 3919 648 3984 homiuum
673 3921 726 4002 qui
750 3919 864 4003 priscis
887 3921 1083 4005 temporibus
1107 3923 1299 3988 excellentes

128 4021 256 4086 inerunt
278 4021 483 4104 plurimorum
506 4023 570 4086 iam
594 4020 649 4085 diu
673 4022 831 4087 oblivione
858 4023 973 4087 obruta
996 4028 1094 4105 esset,
1121 4024 1184 4090 nisi
1212 4045 1299 4109 prae

128 4143 221 4187 eones
255 4122 406 4187 virtutum
443 4122 491 4186 illi
525 4123 721 4188 invenissent
754 4124 964 4204 Simonidem,
1000 4125 1188 4208 Homerum,
1223 4127 1298 4191 alios

128 4230 240 4307 politas
262 4224 452 4308 praeclaros.
485 4224 582 4290 Cuius
605 4225 852 4308 unumquodque
875 4227 1050 4291 membrum
1073 4228 1247 4310 aequabile
1269 4231 1297 4292 et

128 4347 183 4409 per
206 4346 240 4392 se
262 4332 351 4391 stans
378 4331 533 4391 structum
563 4334 612 4392 est
643 4345 683 4390 ex
713 4329 834 4410 protasi
862 4333 895 4392 41
921 4327 1056 4411 spodosi
1084 4327 1202 4420 ordinet
1221 4350 1298 4396 com·
