2866 4822
212 246 254 310 64

211 420 427 495 certaverunt3
451 437 522 480 nam
547 418 711 497 arbitrum,
734 419 788 500 qui
805 417 970 502 Daphnidi
993 419 1116 500 victori,
1139 420 1167 484 si
1188 421 1296 504 ipsum
1319 443 1381 486 eam

211 525 312 583 artem
336 519 488 600 docuerit,
518 541 574 604 pro
598 520 745 586 mercede
775 521 952 586 donaturus
982 522 1024 586 sit
1054 543 1184 605 capram
1215 524 1382 608 egregiam,

211 641 425 705 possessorem
462 623 570 706 gregis
607 629 706 705 atque
740 644 813 687 eum
844 624 952 707 pueris
986 623 1085 689 multo
1118 625 1274 690 maiorem
1313 633 1382 692 natu

211 723 415 806 cogitandum
440 745 555 808 puero
578 725 750 808 Daphnide
777 726 823 790 uti
851 725 934 790 velle
961 726 1115 809 magistro
1143 728 1224 793 artis
1252 728 1382 794 canendi

212 847 323 910 parum
353 826 508 891 credibile
539 831 596 892 est.
647 827 694 893 cf.
718 828 755 905 V,
775 829 816 892 36
837 847 882 910 sq.
912 832 945 892 et
975 850 1003 893 v.
1026 829 1065 893 15
1085 848 1130 912 sq.
1153 829 1183 894 h.
1206 830 1252 896 id.
1298 831 1381 910 Quod

212 929 457 1012 respicientibus
480 929 572 994 nobis
594 949 706 994 versus
729 932 854 995 82-87
878 931 911 994 in
934 930 1066 995 formam
1089 931 1185 997 huius
1205 932 1316 1016 idyllii
1334 935 1381 999 vir

213 1030 372 1113 quadrare
402 1030 563 1113 videntur,
597 1031 654 1097 scd
685 1037 790 1096 utrum
820 1032 984 1097 Theocriti
1014 1033 1115 1116 ipsius
1144 1054 1185 1099 an
1215 1035 1381 1101 imitatoris

212 1134 284 1215 sint,
307 1133 461 1198 incertum
485 1140 546 1212 est3
575 1140 645 1198 arte
675 1141 782 1199 tamen
812 1134 835 1197 ii
866 1154 976 1200 versus
1007 1136 1146 1200 maxime
1176 1157 1319 1221 aequare
1341 1139 1380 1204 vi·

213 1234 327 1299 dentur
350 1235 518 1319 elegiacos.

297 1337 557 1402 Commodissime
586 1337 646 1402 hoe
676 1337 746 1403 loeo
769 1337 836 1422 (87)
866 1339 1015 1423 idyllium
1046 1340 1152 1423 potuit
1183 1341 1278 1408 finiri.
1322 1343 1379 1408 Ad-

213 1438 331 1504 duntur
353 1444 459 1504 tamen
482 1440 576 1505 haec:

276 1560 317 1622 88
339 1559 396 1633 Ὡς
418 1557 478 1642 μὲν
500 1547 518 1622 ὁ
542 1570 620 1631 παῖς
643 1555 742 1643 ἐχάρη
765 1560 820 1623 καὶ
845 1551 993 1624 circitare
1017 1561 1072 1624 καὶ
1094 1558 1293 1649 πλατάγηοε

341 1657 486 1738 νικάσας,
511 1649 619 1736 οὗτινος
642 1658 695 1724 ἐπὶ
718 1660 833 1744 ματέρι
856 1656 973 1744 νεβρὸς
995 1655 1122 1727 diocto.

340 1752 386 1838 ὣς
410 1761 445 1826 δὲ
467 1757 680 1847 κατεομύχθη
703 1763 758 1826 καὶ
781 1754 987 1846 ἀνετράπετο
1012 1765 1120 1846 φρένα
1142 1762 1235 1854 triac

342 1857 478 1949 ὥτερος,
502 1855 593 1928 οὕτω
615 1866 670 1928 καὶ
695 1861 805 1948 νύμφα
828 1859 997 1949 γαμεθιῑο’
1014 1859 1218 1951 άκάχοιτο.1)

339 1959 403 2052 κήκ
425 1962 540 2031 τούτω
562 1970 690 2050 apricos
712 1964 803 2052 παρὰ
826 1969 959 2051 ποιμέσι
982 1965 1109 2050 Δάφνις
1132 1967 1259 2054 ἔγεντο,

276 2071 317 2134 93
341 2069 398 2132 καὶ
421 2066 568 2151 Νύμφαν
591 2063 736 2154 άκρηβος
759 2062 824 2133 ἒών
847 2066 896 2134 ἔτι
918 2069 1029 2135 Ναΐδα
1053 2073 1167 2154 γᾶμεν.
1191 2109 1235 2118 -

297 2190 410 2271 Neque
432 2209 507 2253 vero
531 2189 712 2271 quisquam,
739 2190 766 2254 si
789 2210 899 2254 versus
922 2209 980 2254 sex
1003 2190 1107 2255 ultimi
1136 2190 1302 2274 abessent,
1332 2211 1378 2257 eos

213 2289 419 2356 desideraret.
463 2291 524 2356 Hic
553 2291 699 2375 epilogus
729 2312 790 2356 non
820 2291 921 2356 solum
951 2312 1208 2374 supervacaneus
1239 2300 1301 2377 est,
1330 2292 1378 2360 sed

212 2393 466 2476 recognoscimus
496 2393 595 2457 etiam
624 2393 716 2457 ineo
747 2393 1002 2458 additamentum
1032 2394 1273 2478 interpolatoris
1302 2396 1379 2460 illius

212 2494 431 2578 imprudentis,
458 2495 512 2578 qui
536 2495 710 2559 orationem
732 2496 766 2559 in
788 2496 848 2560 hac
872 2516 998 2577 quoque
1020 2502 1113 2579 parte
1135 2497 1236 2562 variis
1259 2496 1378 2563 dicendi

212 2598 301 2662 vitiis
334 2597 520 2679 mendisque
553 2618 614 2661 non
649 2597 815 2679 inquinare
849 2599 993 2662 nescivit.
1048 2598 1189 2662 Primum
1223 2599 1379 2683 aequabili

213 2699 271 2764 illa
286 2699 535 2764 conforrnatione
551 2700 729 2763 sententiae
745 2699 912 2782 particulis
928 2701 1155 2783 comparativis
1171 2701 1268 2777 ὡς-
1280 2694 1380 2778 otta

214 2808 247 2866 et
269 2801 314 2867 nbc
336 2839 379 2846 —
401 2794 493 2865 οὕτω
523 2805 663 2865 structae
693 2821 750 2866 nos
780 2800 907 2883 quidem
940 2800 1068 2866 dicendi
1092 2803 1156 2866 vim
1186 2809 1378 2869 attenuatam

213 2905 452 2986 orationemque
485 2903 646 2968 inficetam
681 2904 841 2968 sentimus.
901 2903 948 2968 of.
983 2910 1093 2970 contra
1126 2905 1159 2968 in
1197 2905 1241 2970 id.
1269 2905 1379 2986 xvffl,

214 3008 254 3071 26
270 3026 338 3089 sqq.
361 3007 461 3070 multo
483 3005 687 3089 prolixiorem
704 3007 879 3070 orationem
895 3006 1154 3089 comparativam.
1177 3045 1218 3054 -·
1242 3009 1380 3092 Itemque

213 3129 283 3175 cum
306 3109 442 3193 legimus
465 3131 493 3173 v.
513 3111 551 3173 91
577 3109 633 3172 καὶ
656 3105 767 3191 νύμφα
790 3112 970 3192 γαμεθεῑσα
997 3114 1030 3174 et
1056 3109 1192 3174 subinde
1219 3131 1249 3176 v.
1269 3113 1311 3176 93
1333 3109 1380 3174 καὶ

212 3208 362 3294 Νύμφαν
384 3249 426 3256 -
445 3214 556 3294 γᾶμεν,
579 3209 749 3276 dicendum
772 3216 821 3276 est
837 3210 1061 3277 versificatoris
1085 3231 1164 3292 esse,
1186 3233 1250 3277 non
1273 3219 1381 3297 poetae

212 3314 245 3377 in
275 3313 388 3378 eadem
412 3313 509 3377 verba
539 3313 588 3377 vel
610 3314 777 3378 verborum
807 3313 1026 3398 copulationes
1056 3315 1168 3398 paucis
1197 3315 1381 3380 intermissis

213 3436 313 3499 usque
336 3435 507 3495 recurrere,
536 3414 571 3480 id
593 3414 679 3497 qnod
701 3416 774 3480 aliis
797 3414 875 3481 locis
898 3416 992 3481 huius
1021 3416 1179 3500 poematis
1210 3416 1381 3483 identidem

214 3517 505 3583 animadvertimus.
561 3518 683 3595 Quibus
716 3518 811 3582 rebus
841 3518 939 3582 etiam
968 3519 1099 3602 gravius
1128 3518 1300 3584 ferendum
1333 3526 1382 3599 est,

214 3620 299 3703 quod
327 3621 376 3685 bis
406 3619 446 3703 (v.
470 3621 511 3684 89
542 3624 574 3683 et
605 3619 658 3704 91)
688 3619 791 3684 nudus
821 3622 984 3703 optativus
1013 3620 1201 3704 potentialis
1231 3623 1303 3687 sine
1331 3643 1383 3686 κεν

214 3722 428 3806 collocatur2),
452 3743 533 3804 quae
550 3728 599 3786 est
615 3721 745 3786 dicendi
760 3722 891 3786 lieentia
906 3721 1053 3788 inaudita
1069 3728 1101 3788 et
1121 3723 1229 3788 aliena
1249 3745 1271 3789 a
1286 3724 1382 3788 Theo·

214 3827 302 3906 crito,
325 3845 447 3907 eaeque
469 3823 656 3907 particulae,
679 3845 872 3907 quamquam
895 3825 962 3890 sine
986 3825 1052 3890 ulla
1074 3824 1271 3891 difficultate
1293 3825 1382 3891 inseri

213 3933 353 4011 possunt,
376 3931 482 3990 tamen
502 3925 593 3990 libris
613 3930 723 3990 neutro
740 3926 808 3991 loco
828 3926 1006 4008 traduntur,
1029 3932 1064 3991 ut
1079 3932 1166 3992 certe
1185 3927 1381 3994 librariorum

214 4029 309 4113 culpa
331 4029 467 4094 omissae
490 4049 549 4092 non
574 4029 645 4093 sint.
690 4029 731 4091 Et
754 4029 853 4092 verba
876 4030 1118 4111 sententiaeque
1140 4051 1169 4094 v.
1185 4031 1227 4094 88
1260 4019 1307 4106 ὣς
1327 4029 1382 4114 μὲν

213 4132 234 4195 o‘
256 4144 334 4208 παῖς
356 4126 454 4214 ἐχάρη
480 4130 537 4193 καὶ
566 4121 714 4194 άνάλατο
742 4132 798 4193 καὶ
828 4127 1019 4216 ιιλατάγηοε
1049 4127 1186 4208 νικάσας
1216 4131 1380 4198 admodum

300 4301 319 4366 ¹)
337 4298 380 4353 De
397 4298 515 4351 numeris
534 4314 662 4352 versuum
681 4304 713 4352 90
733 4303 760 4352 et
778 4303 807 4352 91
830 4298 864 4352 ef.
878 4300 973 4353 Kunst.
987 4299 1004 4352 l.
1018 4300 1035 4354 l.
1047 4316 1073 4368 p.
1087 4304 1127 4368 26,
1141 4305 1182 4370 48,
1197 4305 1238 4355 51.
1256 4330 1291 4340 -

298 4385 322 4452 ²)
340 4382 381 4438 ss.
400 4379 519 4438 wanlin.
538 4383 555 4437 l.
568 4383 585 4438 l.
603 4399 629 4453 p.
643 4387 683 4438 31.
701 4412 736 4422 -
