2866 4822
128 194 167 259 72

127 365 160 427 et
182 365 312 446 propter
333 362 473 428 insolens
495 363 577 429 illud
600 359 791 447 ἐφαψάσθω
814 362 940 448 (postea
962 366 1074 448 aperte
1097 362 1301 429 emendatum

127 465 157 528 in
182 460 417 549 συναψάσθω),
448 487 488 530 ex
513 489 560 532 vv.
582 468 600 531 3
624 471 657 532 et
678 469 698 531 4
729 465 858 531 dicendi
884 467 1008 531 ratione
1038 485 1193 550 perversa
1224 457 1300 550 (dud

128 568 286 649 στείραισι
301 605 342 612 -
362 565 398 631 ἐν
421 566 600 653 φύλλοισι),
623 590 663 633 ex
686 570 749 634 v.5
772 573 902 653 propter
925 559 1201 651 ἆτιμαγελεῦντες
1222 588 1300 634 nove

127 669 305 751 formatum,
328 691 368 734 ex
392 691 420 735 v.
436 672 464 752 6,
487 670 573 755 quod
595 671 623 736 is
645 669 784 735 traditur
807 691 903 755 quam
925 670 1065 735 maxime
1081 671 1229 735 variatus
1252 668 1300 755 (cf.

128 771 265 836 Meinek.
288 770 331 836 ad
353 772 427 837 hv.
449 773 590 855 itemque
613 773 819 837 Frita·Hitler
841 771 884 838 ad
906 773 937 838 h.
951 770 1023 855 vu).

213 906 277 971 Sed
299 927 358 971 eae
381 907 571 972 offensiones
591 908 688 972 etiarn
709 910 875 990 augentur,
897 908 924 972 si
940 906 1127 990 diligentius
1143 908 1302 982 intuemur

128 1009 240 1074 locum.
278 1008 438 1092 Imprimis
461 1009 669 1093 interpolator
692 1010 875 1092 coarguitur
891 1030 969 1075 voce
992 1002 1063 1093 ῴδά
1085 1009 1186 1092 (1.2),
1208 1031 1301 1093 quam

128 1111 301 1176 abhorrere
331 1131 351 1174 a
380 1111 543 1176 Theocriti
573 1132 631 1176 usu
662 1131 758 1195 supra
787 1111 1074 1177 demonstravimus
1104 1112 1158 1196 (cf.
1188 1133 1219 1197 p.
1243 1113 1301 1198 57).

128 1215 210 1277 Tum
241 1232 316 1277 vero
349 1214 471 1277 numeri
505 1233 651 1278 versuum
686 1218 760 1279 sunt
792 1234 903 1297 parum
936 1214 1019 1278 bene
1056 1213 1215 1280 modulati
1249 1220 1302 1280 aut

128 1318 304 1393 currentes3
326 1316 445 1379 etenim
468 1335 525 1380 sex
548 1335 697 1380 versuum
720 1315 859 1398 quinque
881 1316 915 1379 in
938 1320 1052 1398 quarto
1075 1315 1159 1400 pede
1182 1317 1301 1382 habent

128 1415 303 1501 spondeum
324 1415 368 1500 (et
384 1417 504 1500 primus
520 1437 630 1482 versus
647 1418 744 1482 etiam
764 1422 839 1482 ante
855 1416 1042 1501 caesuram),
1063 1418 1178 1501 quales
1194 1438 1301 1484 versus

128 1538 199 1582 cum
222 1517 338 1600 singuli
362 1524 429 1581 tum
452 1519 592 1600 quinque
615 1517 767 1602 deinceps
794 1537 828 1583 se
858 1519 1057 1603 excipientes
1086 1518 1176 1603 apud
1198 1521 1301 1585 Theo·

128 1621 241 1685 critum
264 1639 419 1702 nusquam
442 1620 654 1684 inveniuntur.
697 1620 815 1684 Verum
843 1622 926 1684 enim
953 1621 1067 1685 seriem
1094 1621 1210 1687 talium
1234 1643 1301 1687 ver-

127 1741 218 1786 suum
252 1721 359 1786 facere
393 1721 546 1786 videlicet
579 1727 629 1785 est
661 1727 772 1786 contra
805 1722 884 1786 artis
917 1722 1007 1804 leges
1040 1722 1302 1807 simplicissimas,

127 1823 244 1888 nedum
267 1825 446 1907 reperiatur
472 1824 505 1887 in
532 1822 598 1888 illis
624 1843 688 1889 una
709 1844 786 1887 vera
816 1843 950 1888 caesura
979 1824 1133 1890 bucolica.
1179 1826 1301 1891 Deinde

127 1927 318 1991 sententiam
352 1926 463 1990 horum
498 1945 646 1990 versuum
680 1924 918 1991 considerantes
952 1926 1032 1990 nihil
1069 1926 1161 1992 aliud
1199 1928 1232 1991 in
1264 1929 1301 1993 iis

126 2030 232 2093 inesse
260 2027 407 2093 videmus
436 2028 497 2092 nisi
527 2026 784 2092 adhortationem
815 2027 950 2092 canendi
980 2029 1088 2094 verbis
1118 2049 1302 2114 expressam

128 2151 230 2212 aeque
253 2131 401 2195 inanibus
423 2137 521 2212 atque
543 2131 583 2196 iis
606 2151 689 2213 quae
712 2131 743 2193 in
766 2129 808 2195 id.
826 2131 912 2211 VIII,
935 2133 1061 2197 30-32
1084 2133 1302 2216 cognovimus

127 2233 278 2317 displicet
300 2240 407 2297 autem
430 2233 540 2314 oratio,
563 2232 649 2315 quod
673 2232 785 2297 eadem
809 2231 992 2298 adhortatio
1016 2235 1109 2317 (11.1
1128 2240 1161 2299 et
1177 2233 1210 2320 2)
1234 2256 1302 2319 pro

128 2338 212 2400 tinus
236 2334 360 2400 duobus
390 2336 535 2401 versibus
565 2337 763 2420 interpositis
792 2338 935 2417 iteratur,
965 2341 999 2400 et
1027 2335 1113 2418 quod
1143 2339 1303 2404 sententia

128 2440 316 2522 interposita
338 2459 394 2522 per
416 2459 451 2503 se
474 2440 584 2522 inepta
606 2439 688 2503 ultro
711 2440 871 2523 perversis
898 2438 1112 2503 locutionibus
1135 2440 1302 2523 profertur.

128 2542 279 2623 Quisquis
302 2541 362 2605 hoc
384 2542 512 2624 legerit,
541 2542 610 2606 iure
637 2541 817 2621 mirabitur,
849 2561 904 2605 cur
933 2545 1087 2624 pastores,
1116 2543 1303 2626 priusquam

129 2665 242 2709 canere
265 2644 433 2727 incipiant,
460 2643 579 2708 vitulas
602 2664 673 2708 cnm
695 2644 802 2707 vaccis
828 2643 984 2706 matribus
1013 2643 1176 2708 nutriendi
1207 2666 1304 2711 causa

129 2752 161 2811 ct
183 2765 299 2812 vaccas
322 2745 449 2810 steriles
458 2746 480 2829 ¹)
504 2765 574 2810 cum
597 2745 698 2810 tauris
721 2744 858 2809 saliendi
882 2764 980 2809 eausa
1003 2746 1198 2828 consocient,
1221 2767 1304 2829 quac

127 2850 287 2914 sententia
321 2849 418 2912 etiam
452 2846 651 2912 disturbatur
684 2847 738 2911 vel
768 2846 969 2927 obscuratur,
1003 2867 1074 2912 cum
1104 2847 1304 2933 adiungitur:

128 2957 174 3031 ,et
196 2951 229 3014 hi
257 2950 387 3033 quidem
415 2970 478 3014 una
506 2954 679 3033 pascantur
702 2954 735 3012 et
757 2955 915 3031 vagentur
937 2950 970 3017 iu
992 2950 1121 3032 pascuis
1149 2950 1201 3034 (ἐν
1223 2949 1304 3031 φύλ-

129 3053 300 3136 torot?)’²)‚
323 3059 358 3117 ut
380 3053 466 3137 prior
489 3052 648 3117 sententia
670 3071 772 3134 paene
787 3049 937 3115 videatur
956 3051 1019 3116 alio
1039 3071 1135 3117 sensu
1154 3074 1194 3118 ac
1210 3075 1304 3137 quem

128 3176 184 3220 nos
207 3161 293 3220 recte
316 3155 358 3219 ad
381 3155 481 3220 verba
502 3156 575 3238 ipsa
597 3159 631 3218 et
653 3174 671 3216 c
694 3153 817 3216 ratione
841 3154 1005 3237 percipere
1029 3154 1192 3233 dehemus,
1216 3155 1304 3222 edita

128 3278 198 3323 esse
222 3278 323 3339 eaque
344 3258 480 3322 fortasse
500 3258 558 3322 sic:
582 3255 744 3320 admittite
759 3253 878 3318 vitulas
897 3254 941 3319 ad
956 3276 1072 3322 vaccas
1093 3262 1126 3321 et
1149 3259 1305 3324 iuveneas

128 3360 171 3424 ad
193 3367 310 3441 tauros,
333 3365 369 3423 ut
391 3380 455 3423 una
476 3362 658 3443 pascantur,
681 3356 757 3421 dum
772 3375 829 3420 vos
851 3357 931 3420 mihi
953 3359 1135 3423 cantabitis.
1169 3361 1204 3425 Si
1229 3383 1305 3427 vere

129 3464 212 3528 hanc
235 3464 425 3528 sententiam
450 3463 629 3546 exprimere
645 3457 843 3525 versificator
865 3460 897 3522 in
920 3461 1025 3524 animo
1048 3461 1209 3544 hahuerit,
1232 3485 1305 3547 pra·

129 3566 178 3630 vis
211 3565 426 3630 locutionibus
459 3585 525 3629 rem
559 3584 655 3646 quam
685 3559 783 3625 vellet
813 3579 873 3622 non
904 3560 1159 3642 significantibus
1190 3566 1304 3631 inscite

129 3687 204 3732 usus
227 3672 284 3732 est.
328 3667 443 3749 Itaque
466 3671 539 3730 utut
561 3664 780 3730 examinamus
810 3662 1000 3726 sententiam
1031 3665 1212 3748 locumque,
1243 3668 1305 3732 uti·

129 3790 191 3851 que
214 3770 321 3834 omnia
343 3769 478 3833 obseura
500 3772 557 3832 aut
579 3783 730 3850 perversa
752 3769 888 3826 monent.

215 3991 236 4058 ¹)
255 3990 292 4044 Ut
316 3991 451 4060 στείραισι
474 3988 651 4057 intellegatur
673 3981 829 4053 ,iuvencis',
854 3983 952 4037 vitiosa
974 4000 1044 4038 voce
1068 4003 1134 4041 usus
1158 3995 1201 4043 est
1224 3991 1305 4044 inter·

130 4074 245 4143 polator.
269 4106 302 4113 -
327 4075 366 4131 cf.
386 4076 471 4145 Verg.
489 4075 539 4129 ccl.
558 4074 578 4142 Ι,
598 4079 642 4127 45:
667 4067 819 4124 submittite
837 4075 928 4121 toruos
945 4092 980 4112 =
998 4070 1062 4124 alite
1081 4076 1183 4127 tauros.
1202 4107 1234 4112 —
1255 4074 1303 4130 Od.

130 4159 178 4227 IX,
191 4164 248 4213 245.

217 4261 496 4333 summm
