2866 4822
1269 250 1309 312 47

131 420 262 485 facilius
285 419 484 503 intellegitur
515 410 597 484 illud
627 409 675 501 χώ
698 415 824 504 ποιμήν
847 458 888 465 -
911 416 1033 504 τηνόθι
1064 418 1119 502 (z
1141 419 1227 499 istic,
1254 417 1311 483 der

130 522 302 588 Schafhirt
325 521 450 606 dahier)
482 527 515 586 et
542 513 592 605 χὼ
617 518 676 598 τὰς
698 519 764 602 βοὸς
786 519 928 603 βόσκων,
959 541 1030 586 cum
1062 522 1145 586 alter
1175 523 1311 586 alterum

129 630 208 709 apte
239 626 286 690 sic
309 624 514 705 demonstret,
545 645 641 707 quam
669 624 695 688 si
719 625 881 690 Menalcas
912 624 952 689 de
983 643 1016 689 se
1047 625 1116 708 ipse
1146 624 1313 708 praedicet

126 718 178 811 χὼ
200 720 331 814 ποιμήν
346 765 388 773 -
403 724 526 813 rqudt
548 726 735 809 tumideque
758 728 905 811 Daphnis
926 721 976 810 χὼ
997 723 1057 804 τὰς
1080 729 1147 805 βοῦς
1169 724 1311 807 βόσκων.

128 830 282 894 Attamen
304 829 404 892 multo
435 828 539 911 magis
569 849 696 892 carmen
720 827 898 911 elegiacum
921 829 953 891 in
977 828 1081 892 altera
1104 832 1137 892 et
1159 831 1312 910 sequente

128 939 224 1016 parte
247 929 376 996 videtur
407 935 589 1014 corruptum
620 950 698 995 esse.
743 931 826 994 Nam
849 935 882 994 et
905 930 1116 995 tetrastichon
1141 930 1269 995 ordiens
1292 952 1312 994 a

128 1035 240 1100 verbis
255 1030 300 1117 μή
315 1056 372 1117 μοι
390 1036 454 1116 γᾶν
475 1037 546 1097 κτλ.
570 1053 632 1097 non
648 1031 822 1117 Daphnidi,
844 1039 879 1097 ut
902 1031 1050 1114 traditur,
1073 1033 1130 1097 sed
1146 1034 1312 1098 Menalcae

127 1140 263 1220 propter
284 1136 384 1200 verba
407 1131 558 1217 σύννομα
579 1136 654 1216 μαλ’
671 1133 802 1216 ἐσορῶν
824 1133 965 1198 dandum
996 1155 1066 1199 esse
1093 1140 1126 1200 et
1153 1137 1313 1201 concinni-

127 1243 233 1303 tatem
256 1239 422 1321 inprimis
446 1238 586 1321 strophis
610 1257 706 1319 qnam
730 1236 977 1321 diligentissime
997 1238 1190 1322 servatam1)
1214 1239 1313 1322 respi-

129 1343 254 1406 cientes
277 1361 347 1405 cnm
371 1340 517 1423 Zieglero
541 1359 727 1423 persuasum
758 1340 914 1404 habemus
942 1339 1014 1423 plus
1037 1360 1099 1404 uno
1122 1342 1312 1406 tetrasticho

129 1442 294 1510 excidisse
317 1443 411 1508 sicuti
435 1461 531 1526 supra
554 1441 803 1525 designavimus.

219 1545 285 1612 Sed
308 1566 347 1610 ea
369 1566 452 1627 qnae
475 1545 597 1609 tradita
620 1551 694 1609 sunt
716 1545 758 1609 ad
782 1566 852 1609 carn
873 1565 968 1628 qnam
984 1545 1075 1610 nobis
1091 1545 1312 1629 proposuimus

129 1670 199 1714 rem
222 1647 465 1732 disceptandam
490 1647 660 1712 sufficiunt.
705 1647 827 1726 Quodsi
858 1649 929 1730 quis
960 1649 1064 1712 animo
1092 1668 1153 1712 non
1181 1669 1311 1733 praeoc-

129 1756 251 1835 cupato
275 1751 448 1816 accesserit
470 1750 512 1815 ad
541 1751 776 1833 quaestionem,
805 1751 832 1814 is
855 1751 924 1815 sola
946 1771 985 1815 ea
1007 1771 1054 1832 re,
1077 1750 1163 1834 quod
1186 1772 1313 1816 carmen

128 1855 234 1938 elegis
251 1855 460 1937 compositum
475 1854 620 1918 versibus
640 1854 777 1918 heroicis
793 1854 946 1918 insertum
961 1861 1011 1918 est
1026 1858 1123 1936 atque
1146 1855 1312 1936 inclusum,

127 1958 209 2022 licet
239 1958 300 2022 hoc
326 1977 440 2022 novum
465 1956 717 2038 inusitatumque
740 1957 791 2037 sit,
820 1955 964 2040 profecto
996 1977 1036 2021 ne
1066 1963 1311 2038 commoveatur,

128 2064 167 2123 ut
195 2060 305 2142 elegos
334 2065 451 2143 poetae
481 2058 654 2124 abiudicet.
699 2059 747 2123 De
782 2059 843 2124 hac
878 2058 1006 2141 quidem
1041 2080 1076 2123 re
1107 2079 1178 2124 curn
1208 2080 1311 2142 neque

127 2163 265 2227 Isaacus
293 2162 482 2243 Monachus,
512 2163 567 2244 qui
598 2161 701 2226 obiter
732 2167 888 2226 memorat
918 2181 1029 2226 versus
1060 2162 1117 2227 hos
1147 2162 1309 2245 elegiacos

128 2265 183 2350 (cf.
214 2263 303 2349 apud
333 2264 526 2330 Bachmann.
554 2264 665 2329 anecd.
688 2265 740 2330 Gr.
763 2266 796 2328 ll
823 2286 853 2349 p.
872 2267 930 2330 187
939 2288 945 2330 :
976 2264 1110 2350 ἐποίησε
1141 2266 1176 2330 δὲ
1208 2266 1265 2329 καὶ
1292 2266 1310 2329 ὀ

130 2364 315 2449 θεόκριτος
335 2366 372 2432 ἐν
388 2367 546 2451 εἰδυλλὶῳ
565 2367 633 2430 τινὶ
656 2363 817 2451 τοιαύτην
832 2359 924 2453 ᾠδὴν
940 2359 1051 2442 οὕτως
1067 2361 1311 2453 (ἧρονελεγεῑον)

128 2469 454 2554 ἐπονομαζομένην·
471 2465 523 2534 διὸ
547 2470 603 2532 καὶ
626 2460 705 2533 οὐδὲ
731 2471 809 2551 παρ’
832 2463 928 2553 ἡμῶν
949 2465 1162 2551 πλατύτερον
1185 2469 1310 2553 εἴρηται

125 2572 206 2653 περὶ
230 2567 382 2655 τούτου),
412 2590 468 2636 nos
490 2572 581 2636 iuvet
603 2575 701 2653 atque
724 2570 797 2635 aliis
820 2577 963 2635 veterum
987 2572 1178 2635 testimoniis
1202 2571 1311 2636 defici-

126 2675 259 2739 entibus
296 2695 335 2738 ne
373 2675 396 2737 ii
428 2674 572 2758 quidem,
603 2694 735 2757 quornm
767 2673 913 2739 doctrina
943 2674 1074 2739 scholiis
1104 2680 1311 2758 propagatur,

126 2776 222 2842 nobis
246 2775 420 2859 quidquam
443 2777 620 2861 proficiant,
648 2777 787 2861 experiri
811 2777 962 2860 cogimur,
989 2778 1016 2842 si
1040 2776 1118 2860 quid
1141 2778 1310 2843 enucleare

125 2879 289 2964 possimus
312 2900 353 2943 ex
375 2879 445 2963 ipso
469 2880 616 2945 carmine.
915 2895 916 2898 ’

216 2981 324 3064 Atque
348 2981 389 3046 de
412 3001 450 3046 eo
474 2983 618 3066 protinus
649 2988 714 3047 tres
742 3002 822 3065 quas
850 2983 1036 3066 exploratas
1059 2983 1215 3047 habemus
1238 3003 1309 3047 sen-

126 3084 251 3149 tentias
278 3104 441 3168 ponamus,
472 3085 622 3169 primam:
652 3106 778 3150 carmen
809 3086 987 3169 elegiacum
1017 3106 1078 3150 non
1109 3085 1247 3168 quadrat
1277 3087 1310 3150 in

127 3187 363 3270 expositionem
386 3188 678 3271 cogitationemque
700 3189 806 3252 animo
831 3196 1017 3272 conceptam
1040 3209 1081 3253 err
1096 3190 1220 3271 reliquo
1241 3210 1309 3254 car-

125 3289 229 3369 mine;
252 3290 399 3354 alteram:
423 3291 478 3372 qui
494 3290 604 3374 elegos
620 3292 805 3375 composuit,
821 3312 881 3355 non
898 3296 1004 3375 potest
1019 3311 1090 3355 esse
1105 3292 1310 3372 Theocritum

125 3393 272 3456 tertiam:
294 3391 393 3457 iidem
416 3413 455 3457 ne
478 3394 519 3458 ab
543 3414 580 3458 eo
604 3392 742 3476 quidem,
766 3395 820 3475 qni
836 3414 885 3458 vv.
900 3395 1004 3457 1-32
1027 3395 1164 3477 scripsit,
1187 3394 1308 3460 conditi

126 3494 339 3559 existimandi
361 3500 443 3577 sunt,
472 3516 552 3578 quas
582 3496 758 3561 sententias
786 3504 891 3561 certas
914 3496 1110 3578 stabilesque
1133 3516 1203 3562 esse
1227 3518 1309 3562 nunc

127 3596 284 3681 deinceps
307 3597 569 3664 demonstremus.

214 3701 357 3765 Primum
378 3702 486 3784 igitur,
509 3703 536 3766 si
559 3721 640 3766 unns
662 3701 811 3784 idemque
835 3707 931 3785 poeta
953 3706 1054 3766 totum
1078 3723 1205 3767 carmen
1221 3708 1307 3768 octa-

126 3824 204 3869 vum
229 3804 426 3887 conscripsit,
457 3803 738 3888 reprehendendus
762 3810 820 3886 est,
850 3802 936 3887 quod
959 3824 1087 3888 pueros,
1117 3806 1172 3888 qni
1195 3826 1306 3889 parurn

126 3905 300 3970 exercitati
324 3905 388 3969 sint
410 3911 480 3970 arte
503 3905 639 3971 canendi
669 3912 702 3971 et
732 3927 772 3970 ex
802 3911 945 3990 ternpore
976 3906 1199 3990 componendi,
1228 3907 1307 3973 facit

216 4092 236 4160 1)
254 4091 297 4145 De
317 4107 349 4145 ea
367 4106 396 4144 rc
414 4091 506 4160 lepide
526 4091 593 4146 dicit
611 4092 705 4146 Cenat.
718 4092 736 4146 l.
748 4092 765 4146 l.
781 4110 808 4161 p.
821 4097 885 4146 415:
904 4095 958 4146 «La
976 4091 1106 4163 symetrie
1125 4093 1160 4148 de
1178 4109 1225 4147 ces
1243 4110 1306 4149 vers

125 4182 170 4233 est
189 4176 255 4231 telle
274 4192 327 4246 que
346 4177 400 4231 l’on
418 4178 528 4232 croirait
545 4179 678 4232 vraiment
697 4179 828 4232 entendre
846 4179 872 4233 le
891 4179 979 4234 meme
997 4180 1037 4232 air
1053 4178 1147 4248 repete
1165 4195 1214 4248 par
1232 4180 1305 4233 deux

124 4265 313 4317 instrumenta.
348 4264 387 4317 La
404 4263 538 4331 premiere
556 4264 621 4317 voix
639 4263 744 4317 semble
762 4263 848 4318 delier
864 4265 891 4318 la
909 4265 1038 4332 seconde,
1059 4270 1087 4319 et
1105 4265 1217 4333 celle-ci,
1236 4281 1306 4333 pour

125 4349 235 4418 chaque
252 4363 379 4402 nouveau
396 4347 483 4418 motif,
502 4354 545 4404 est
563 4365 668 4404 comme
687 4347 774 4404 l’tcho
793 4351 959 4421 triomphant
976 4351 1012 4406 de
1030 4351 1057 4405 la
1074 4351 1231 4421 premiere.»
1243 4381 1277 4390 -
