2866 4822
1271 253 1311 316 31

130 413 152 507 ἢ
184 420 242 484 καὶ
273 413 402 485 ἀεθλοι·
435 414 612 503 ἓτοῖμονθ)
664 420 711 484 of.
741 405 849 496 ἀθλος
880 450 918 473 =
949 421 1053 501 labor,
1086 431 1248 486 certamen
1280 423 1313 486 iu

130 523 227 604 XXI,
240 524 294 602 523
316 522 440 603 XXIII,
453 523 506 600 563
529 522 631 603 XXV,
643 524 719 602 2043
743 524 842 606 epigr.
857 524 931 605 XX,
943 526 971 587 5.
1015 525 1224 589 Numerorum
1240 546 1312 608 pro-

130 625 221 689 fecto
252 624 445 689 necessitate
469 623 659 689 Theocritus
689 625 760 707 cogi
791 644 851 689 non
878 626 983 708 potuit
1006 646 1203 690 communem
1225 627 1313 692 vocis

132 746 227 792 usum
265 747 327 791 uon
363 727 542 791 observare.
601 727 672 790 Duo
710 733 816 791 autem
853 729 1130 810 grammaticorum
1169 734 1312 793 veterum

129 830 333 910 testimonia,
367 849 450 912 quae
484 829 586 895 ascire
619 830 724 895 solent
754 830 816 896 hoc
846 831 915 896 Ioco
945 832 1137 915 interpretes
1166 851 1312 913 quaeque

129 935 271 1018 legimus
301 935 333 998 in
364 934 507 998 Bekkeri
538 932 648 999 anecd.
676 956 705 1018 p.
725 936 863 1016 210,14:
898 927 1030 1016 ,ἇθλος,
1062 928 1242 1017 ἀρσενικῶς
1272 933 1312 1000 τὸ

130 1033 234 1120 ἔργον
258 1038 313 1100 καὶ
328 1032 370 1100 τὰ
386 1034 535 1100 ἔπαθλα
557 1042 590 1101 ct
605 1057 634 1120 p.
650 1039 721 1118 349,
733 1039 787 1102 21:
810 1030 939 1119 ,ἆθλος
964 1030 1145 1121 ἀρσενικῶς
1161 1031 1200 1103 τὸ
1213 1035 1312 1122 ἔργον
1420 1032 1427 1044 ’

130 1140 190 1203 καὶ
224 1135 265 1203 τὸ
299 1130 470 1223 ἀγώνισμα
503 1140 559 1202 καὶ
592 1133 633 1203 τὸ
665 1137 828 1204 ἔπαθλον.
864 1140 1013 1224 διαφέρει
1047 1140 1082 1205 δὲ
1114 1144 1220 1206 τοῦτο
1250 1144 1312 1205 τοῦ

130 1233 326 1324 οάδετέροιι,
357 1235 410 1306 ὅτι
440 1238 479 1306 τὸ
509 1242 570 1325 μὲν
602 1232 782 1325 οὐδέτερον
811 1243 910 1327 δηλοῖ
937 1244 1061 1326 κυρίως
1084 1237 1123 1308 td
1147 1241 1312 1320 ἔπαθλον,

129 1347 238 1409 τοῦτο
270 1345 306 1410 δὲ
335 1341 398 1408 τὸν
428 1336 557 1429 ἀγῶνα
590 1344 743 1427 quidnam
777 1346 867 1410 aliud
901 1345 1017 1412 docent
1050 1348 1110 1412 nisi
1141 1345 1310 1412 discrimen

130 1449 180 1512 ita
211 1448 331 1512 factum
362 1467 447 1530 esse,
477 1451 513 1511 ut
543 1433 651 1523 ἀθλος
681 1447 724 1513 ad
755 1469 953 1514 communem
983 1469 1073 1514 usum
1104 1450 1225 1514 habeat
1247 1451 1312 1514 vim

131 1551 318 1617 certaminis
341 1549 487 1635 (laboris)
511 1555 544 1615 et
567 1543 677 1615 ἆθλον
700 1552 849 1635 praemii,
871 1551 928 1617 sed
952 1573 1023 1618 eum
1046 1573 1136 1618 nsum
1159 1573 1222 1618 non
1245 1559 1312 1617 tam

131 1658 334 1720 constantem
364 1653 479 1734 fuisse,
506 1657 541 1717 ut
568 1674 630 1719 non
652 1653 812 1719 interdum
836 1654 1006 1737 (nescimus
1029 1661 1085 1719 aut
1108 1656 1233 1738 quoties
1255 1660 1312 1719 aut

130 1777 152 1822 a
180 1755 310 1841 quibus)
341 1757 508 1840 neglectus
531 1757 611 1837 sitfl)
657 1757 747 1834 Quae
770 1758 851 1822 vitia
873 1759 979 1823 omnia
1001 1763 1037 1823 ut
1059 1759 1255 1840 tollerentur,
1277 1757 1311 1823 id

130 1864 268 1943 egerunt
280 1860 334 1943 qui
346 1859 555 1925 multifariam
568 1861 758 1925 coniecturis
773 1861 858 1925 hunc
870 1879 997 1926 versum
1010 1863 1049 1926 13
1065 1865 1311 1945 temptaverunt.

130 1962 421 2046 Supersedebimus
437 1963 502 2026 iam
517 1962 588 2045 ipsi,
604 1982 666 2045 quo
682 1968 777 2045 pacto
795 1962 956 2029 sanandus
968 1965 1011 2030 sit
1022 1983 1142 2046 versus,
1157 1984 1311 2047 quaerere

129 2070 274 2131 mentem
297 2065 415 2131 frustra
430 2065 643 2130 attendentes.
681 2065 886 2132 Ostendimus
902 2067 984 2131 enim
1001 2067 1035 2133 id
1052 2066 1138 2150 quod
1153 2067 1311 2132 voluimus

129 2170 270 2234 alterum
293 2169 483 2251 exemplum,
513 2189 576 2251 quo
605 2189 733 2234 versum
763 2169 805 2234 ab
835 2170 935 2252 ipsius
966 2171 1106 2235 auctoris
1136 2169 1211 2255 (non
1238 2170 1310 2236 dico

130 2271 311 2355 Theocriti)
334 2292 430 2336 manu
449 2272 608 2352 vitiosum,
631 2272 658 2336 si
673 2272 785 2354 minus,
808 2278 895 2337 certe
917 2293 1072 2357 perquam
1096 2272 1208 2338 durum
1232 2273 1310 2339 scri-

128 2379 224 2460 ptum
248 2374 347 2440 fuisse
370 2375 543 2440 verisimile
566 2374 631 2438 fiat.

218 2477 332 2560 Neque
354 2496 446 2543 secus
473 2475 679 2542 iudicandum
704 2477 765 2542 erit
787 2476 828 2542 de
851 2476 975 2543 duobus
998 2478 1053 2561 qui
1075 2478 1150 2543 inde
1173 2497 1310 2561 sequun-

127 2585 183 2644 tur
206 2580 351 2645 versibus
371 2579 433 2664 (14.
450 2580 512 2664 15),
535 2598 613 2663 quos
629 2580 819 2663 optimorum
834 2580 986 2645 librorum
1003 2599 1158 2647 consensu
1173 2580 1310 2647 traditos

128 2683 288 2748 habemus
310 2683 372 2748 hoc
393 2681 502 2748 modo:

247 2804 280 2868 Δ.
303 2799 431 2887 μόσχον
453 2799 518 2887 ἐγώ
539 2805 651 2888 θησοὸ·
675 2798 716 2867 τι)
740 2803 776 2868 δὲ
799 2802 859 2880 θὲς
882 2799 1065 2887 ἰσομάτορα
1090 2795 1205 2888 ἀμνόν.

233 2911 278 2972 M.
302 2897 344 2971 ον’
366 2910 465 2990 θησώ
487 2928 579 2970 ποκα
603 2897 720 2990 ἀμνόν,
745 2904 816 2970 ἐπεὶ
836 2902 983 2989 χαλεπὸς
1005 2899 1024 2971 ὁ
1047 2904 1157 2993 πατήρ
1180 2931 1241 2991 μευ
1256 2945 1308 2973 -.

129 3044 261 3110 Etenim
292 3042 396 3109 denuo
425 3043 615 3126 gravissime
646 3064 717 3109 cum
746 3041 893 3108 videmus
919 3043 1048 3126 peccari
1070 3044 1103 3107 in
1126 3045 1308 3110 notissimas

125 3150 220 3232 leges
247 3148 396 3213 metricas
424 3147 475 3212 his
498 3147 658 3229 versibus,
686 3167 789 3232 paene
812 3147 1031 3230 stupescimus.
1074 3149 1206 3213 Aenon
1230 3167 1309 3231 opus

128 3256 180 3317 est
208 3251 306 3334 longa
335 3270 543 3333 rerumquae
574 3250 719 3315 omnibus
742 3249 890 3333 cognitae
913 3255 946 3314 et
968 3250 1001 3313 in
1024 3254 1135 3334 aperto
1158 3256 1231 3316 sunt
1254 3272 1309 3316 ex·

129 3353 327 3440 planatione.
372 3353 488 3418 Paucis
510 3358 618 3417 tamen
641 3351 812 3418 dicendum
835 3358 885 3417 est
908 3351 948 3417 de
970 3353 1011 3417 iis
1033 3373 1116 3436 quae
1132 3354 1309 3438 vituperari

128 3462 224 3541 oport
244 3461 266 3521 t.
316 3456 458 3520 Primum
491 3455 591 3539 igitur
623 3461 734 3522 contra
763 3456 950 3520 PIersonum
984 3457 1180 3540 suspicatum
1214 3462 1309 3521 λιπο-

216 3677 237 3745 1)
256 3673 378 3731 Attende
398 3676 477 3731 etiam
497 3668 601 3740 ἄεθλος
618 3677 646 3730 in
658 3677 757 3732 Jonioa
774 3676 902 3745 dialecto,
923 3662 1013 3738 ἆθλος
1026 3676 1054 3728 In
1065 3677 1168 3730 Dorica
1179 3677 1309 3731 usitatum

126 3778 198 3831 esse,
224 3763 356 3831 itaquel,
376 3767 405 3817 3;
431 3751 532 3828 ἆθλον,
550 3761 638 3830 XXII,
659 3768 703 3815 70:
730 3755 849 3827 dautem
874 3767 1041 3830 quapropter
1064 3762 1101 3816 id.
1120 3761 1197 3831 vlu,
1218 3767 1256 3816 11.
1278 3768 1308 3816 12

128 3837 224 3904 ἆθλον
242 3849 334 3918 potius
352 3847 524 3904 scribendum
542 3846 602 3902 fuit.
638 3847 678 3902 ef.
697 3849 810 3901 Ktihner
827 3848 845 3902 l.
857 3847 874 3902 I.
893 3848 963 3917 ξὸθ,
978 3852 1001 3901 6.
1019 3878 1052 3886 -

216 3935 237 4002 ²)
255 3933 297 3988 Ot'.
311 3933 426 3988 nemen.
440 3933 456 3988 l.
469 3933 487 3987 l.
505 3951 530 4002 p.
543 3940 605 3988 476:
619 3935 722 4002 ‘neque
742 3925 846 3996 ἀεθλος
863 3947 983 4002 unquam
1001 3949 1052 4002 pro
1072 3925 1179 3987 ἀεθλον
1196 3933 1308 4003 dictum,

126 4020 253 4090 quamvis
271 4019 405 4075 affirment
422 4020 610 4089 grammatIci'.
634 4049 669 4058 -
693 4020 837 4074 Hermann.
856 4034 952 4088 opusc.
971 4020 1004 4086 V,
1022 4037 1048 4088 p.
1063 4024 1102 4074 82.
1121 4050 1154 4058 —
1178 4019 1309 4073 MeinekiI

125 4106 259 4162 iudicium
284 4111 430 4161 exsecutus
455 4110 497 4160 est
514 4105 630 4161 Brinlrcr
647 4105 663 4158 l.
683 4105 700 4159 I.
723 4136 757 4145 -
774 4105 872 4174 Inepte
890 4106 1018 4161 Fritzsch.
1037 4105 1073 4159 ad
1090 4106 1115 4160 h.
1128 4104 1145 4158 l.
1163 4110 1255 4160 monet
1273 4106 1308 4160 de

125 4192 204 4262 idi,
227 4197 273 4246 103
293 4197 321 4247 ct
339 4193 375 4246 de
393 4192 476 4261 Verg.
495 4191 596 4261 Georg.
615 4192 650 4260 II,
670 4195 728 4260 530,
753 4207 822 4261 quae
843 4192 969 4260 exempla
993 4208 1053 4245 cum
1076 4191 1173 4246 haere
1192 4190 1309 4246 conferri

126 4295 183 4334 non
210 4278 320 4336 debent.
366 4276 408 4332 of.
434 4278 515 4332 etiam
541 4278 634 4332 Lehre.
663 4277 698 4331 de
721 4277 869 4332 Aristarch.
895 4278 966 4332 stud.
989 4278 1082 4332 Hom.³
1099 4295 1125 4346 p.
1141 4281 1196 4341 148,
1216 4281 1256 4330 89,
1274 4308 1308 4316 -

125 4363 273 4422 Μόιαοίιοσ
292 4363 328 4419 de
346 4363 363 4418 I.
382 4363 445 4419 Soc.
464 4364 490 4418 d.
508 4364 605 4434 Lingu.
624 4363 650 4417 d.
670 4364 752 4418 Paris.
771 4368 836 4418 tom.
850 4363 898 4427 XI,
916 4380 943 4434 p.
958 4369 1005 4417 190
1025 4363 1138 4432 (Michel
1155 4361 1255 4435 Brtal).
1274 4394 1308 4401 -
