<?xml version="1.0" encoding="UTF-8"?>
<!DOCTYPE html PUBLIC "-//W3C//DTD XHTML 1.0 Transitional//EN"
    "http://www.w3.org/TR/xhtml1/DTD/xhtml1-transitional.dtd">
<html xmlns="http://www.w3.org/1999/xhtml" xml:lang="en" lang="en">
 <head>
  <title>
</title>
<meta http-equiv="Content-Type" content="text/html;charset=utf-8" />
  <meta name='ocr-system' content='tesseract 3.04.00' />
  <meta name='ocr-capabilities' content='ocr_page ocr_carea ocr_par ocr_line ocrx_word'/>
</head>
<body>
  <div class='ocr_page' id='page_1' title='image "./theocritiidylli00kattgoog_0095.png"; bbox 0 0 2866 4822; ppageno 0'>
   <div class='ocr_carea' id='block_1_1' title="bbox 207 399 1383 2692">
    <p class='ocr_par' dir='ltr' id='par_1_1' title="bbox 360 399 1229 488">
     <span class='ocr_line' id='line_1_1' title="bbox 360 399 1229 488; baseline 0.002 -22"><span class='ocrx_word' id='word_1_1' title='bbox 360 404 415 467; x_wconf 85' lang='grc' dir='ltr'>καὶ</span> <span class='ocrx_word' id='word_1_2' title='bbox 439 406 502 467; x_wconf 81' lang='grc' dir='ltr'>νῦν</span> <span class='ocrx_word' id='word_1_3' title='bbox 526 404 693 487; x_wconf 67' lang='lat' dir='ltr'>lacapeno</span> <span class='ocrx_word' id='word_1_4' title='bbox 716 405 765 467; x_wconf 81' lang='grc' dir='ltr'>τῶ</span> <span class='ocrx_word' id='word_1_5' title='bbox 788 399 936 488; x_wconf 74' lang='grc' dir='ltr'>κάματος</span> <span class='ocrx_word' id='word_1_6' title='bbox 958 402 995 468; x_wconf 77' lang='grc' dir='ltr'>ἐν</span> <span class='ocrx_word' id='word_1_7' title='bbox 1017 400 1229 488; x_wconf 77' lang='grc' dir='ltr'><em>ψαμάθοισιν</em></span> 
     </span>
    </p>

    <p class='ocr_par' dir='ltr' id='par_1_2' title="bbox 207 496 1375 812">
     <span class='ocr_line' id='line_1_2' title="bbox 360 496 1118 590; baseline 0 -22"><span class='ocrx_word' id='word_1_8' title='bbox 360 496 436 587; x_wconf 67' lang='grc' dir='ltr'><strong><em>ἵξετ’</em></strong></span> <span class='ocrx_word' id='word_1_9' title='bbox 453 503 636 590; x_wconf 77' lang='grc' dir='ltr'>ἐρημαίαισι</span> <span class='ocrx_word' id='word_1_10' title='bbox 658 501 744 586; x_wconf 80' lang='grc' dir='ltr'><em>βοάν</em></span> <span class='ocrx_word' id='word_1_11' title='bbox 767 498 796 570; x_wconf 82' lang='grc' dir='ltr'>δ’</span> <span class='ocrx_word' id='word_1_12' title='bbox 813 501 861 570; x_wconf 78' lang='grc' dir='ltr'>’ἑτι</span> <span class='ocrx_word' id='word_1_13' title='bbox 884 518 953 570; x_wconf 85' lang='grc' dir='ltr'><em>σεῖο</em></span> <span class='ocrx_word' id='word_1_14' title='bbox 978 500 1118 570; x_wconf 79' lang='grc' dir='ltr'><em>δοκεύει.</em></span> 
     </span>
     <span class='ocr_line' id='line_1_3' title="bbox 207 624 1375 709; baseline 0.002 -20"><span class='ocrx_word' id='word_1_15' title='bbox 207 625 381 690; x_wconf 86' lang='lat' dir='ltr'>Praeterea</span> <span class='ocrx_word' id='word_1_16' title='bbox 409 625 442 689; x_wconf 93' lang='lat' dir='ltr'>in</span> <span class='ocrx_word' id='word_1_17' title='bbox 469 625 565 690; x_wconf 78' lang='lat' dir='ltr'>simili</span> <span class='ocrx_word' id='word_1_18' title='bbox 595 624 670 691; x_wconf 92' lang='lat' dir='ltr'>huic</span> <span class='ocrx_word' id='word_1_19' title='bbox 703 624 772 691; x_wconf 92' lang='lat' dir='ltr'>loco</span> <span class='ocrx_word' id='word_1_20' title='bbox 804 625 964 691; x_wconf 87' lang='lat' dir='ltr'>sententia</span> <span class='ocrx_word' id='word_1_21' title='bbox 993 644 1163 709; x_wconf 76' lang='lat' dir='ltr'>rerumque</span> <span class='ocrx_word' id='word_1_22' title='bbox 1197 624 1375 691; x_wconf 90' lang='lat' dir='ltr'>condicione</span> 
     </span>
     <span class='ocr_line' id='line_1_4' title="bbox 209 715 1081 812; baseline 0.001 -20"><span class='ocrx_word' id='word_1_23' title='bbox 209 726 354 793; x_wconf 87' lang='lat' dir='ltr'>videmus</span> <span class='ocrx_word' id='word_1_24' title='bbox 376 728 529 812; x_wconf 88' lang='lat' dir='ltr'>seriptum</span> <span class='ocrx_word' id='word_1_25' title='bbox 552 727 594 792; x_wconf 91' lang='lat' dir='ltr'>id.</span> <span class='ocrx_word' id='word_1_26' title='bbox 609 729 699 811; x_wconf 88' lang='lat' dir='ltr'>XXI,</span> <span class='ocrx_word' id='word_1_27' title='bbox 713 730 768 793; x_wconf 81' lang='lat'>42:</span> <span class='ocrx_word' id='word_1_28' title='bbox 1080 715 1081 718; x_wconf 26' lang='lat'>¹</span> 
     </span>
    </p>

    <p class='ocr_par' dir='ltr' id='par_1_3' title="bbox 819 825 1078 914">
     <span class='ocr_line' id='line_1_5' title="bbox 819 825 1078 914; baseline 0.004 -19"><span class='ocrx_word' id='word_1_29' title='bbox 819 825 910 896; x_wconf 77' lang='grc' dir='ltr'><em>εἶδον</em></span> <span class='ocrx_word' id='word_1_30' title='bbox 933 826 1078 914; x_wconf 78' lang='grc' dir='ltr'><strong><em>ἐμαυτόν</em></strong></span> 
     </span>
    </p>

    <p class='ocr_par' dir='ltr' id='par_1_4' title="bbox 362 941 1191 1036">
     <span class='ocr_line' id='line_1_6' title="bbox 362 941 1191 1036; baseline -0.001 -21"><span class='ocrx_word' id='word_1_31' title='bbox 362 949 398 1015; x_wconf 81' lang='grc' dir='ltr'>ἐν</span> <span class='ocrx_word' id='word_1_32' title='bbox 420 950 527 1036; x_wconf 79' lang='grc' dir='ltr'><em>πέτρᾳ</em></span> <span class='ocrx_word' id='word_1_33' title='bbox 548 952 710 1031; x_wconf 78' lang='grc' dir='ltr'><strong><em>βεβαῶτα,</em></strong></span> <span class='ocrx_word' id='word_1_34' title='bbox 733 946 959 1034; x_wconf 74' lang='grc' dir='ltr'><strong><em>καθεζόμενος</em></strong></span> <span class='ocrx_word' id='word_1_35' title='bbox 982 941 1012 1016; x_wconf 61' lang='grc' dir='ltr'>δ)</span> <span class='ocrx_word' id='word_1_36' title='bbox 1028 947 1191 1016; x_wconf 67' lang='lat' dir='ltr'>colasson</span> 
     </span>
    </p>

    <p class='ocr_par' dir='ltr' id='par_1_5' title="bbox 210 1049 1378 1462">
     <span class='ocr_line' id='line_1_7' title="bbox 361 1049 488 1136; baseline 0 -20"><span class='ocrx_word' id='word_1_37' title='bbox 361 1049 488 1136; x_wconf 74' lang='grc' dir='ltr'><strong><em>ἰχθύας,</em></strong></span> 
     </span>
     <span class='ocr_line' id='line_1_8' title="bbox 210 1171 1378 1255; baseline -0.001 -17"><span class='ocrx_word' id='word_1_38' title='bbox 210 1171 276 1255; x_wconf 89' lang='lat' dir='ltr'>sed,</span> <span class='ocrx_word' id='word_1_39' title='bbox 306 1194 377 1238; x_wconf 90' lang='lat' dir='ltr'>cum</span> <span class='ocrx_word' id='word_1_40' title='bbox 404 1173 447 1238; x_wconf 90' lang='lat' dir='ltr'>id.</span> <span class='ocrx_word' id='word_1_41' title='bbox 466 1174 547 1238; x_wconf 88' lang='lat' dir='ltr'>XXI</span> <span class='ocrx_word' id='word_1_42' title='bbox 577 1174 619 1238; x_wconf 93' lang='lat' dir='ltr'>sit</span> <span class='ocrx_word' id='word_1_43' title='bbox 647 1173 761 1238; x_wconf 86' lang='lat' dir='ltr'>incerti</span> <span class='ocrx_word' id='word_1_44' title='bbox 792 1172 942 1255; x_wconf 88' lang='lat' dir='ltr'>auctoris,</span> <span class='ocrx_word' id='word_1_45' title='bbox 972 1194 1033 1238; x_wconf 94' lang='lat' dir='ltr'>non</span> <span class='ocrx_word' id='word_1_46' title='bbox 1062 1174 1167 1238; x_wconf 90' lang='lat' dir='ltr'>minus</span> <span class='ocrx_word' id='word_1_47' title='bbox 1189 1173 1301 1239; x_wconf 84' lang='lat' dir='ltr'>Bionis</span> <span class='ocrx_word' id='word_1_48' title='bbox 1329 1177 1378 1238; x_wconf 91' lang='lat' dir='ltr'>aut</span> 
     </span>
     <span class='ocr_line' id='line_1_9' title="bbox 210 1265 1377 1360; baseline -0.001 -20"><span class='ocrx_word' id='word_1_49' title='bbox 210 1276 332 1341; x_wconf 89' lang='lat' dir='ltr'>Moschi</span> <span class='ocrx_word' id='word_1_50' title='bbox 355 1297 450 1358; x_wconf 91' lang='lat' dir='ltr'>quam</span> <span class='ocrx_word' id='word_1_51' title='bbox 472 1276 637 1341; x_wconf 72' lang='lat' dir='ltr'>Theocriti</span> <span class='ocrx_word' id='word_1_52' title='bbox 660 1295 730 1341; x_wconf 87' lang='lat' dir='ltr'>esse</span> <span class='ocrx_word' id='word_1_53' title='bbox 758 1281 872 1360; x_wconf 90' lang='lat' dir='ltr'>potest.</span> <span class='ocrx_word' id='word_1_54' title='bbox 916 1277 984 1341; x_wconf 90' lang='lat' dir='ltr'>Iam</span> <span class='ocrx_word' id='word_1_55' title='bbox 1007 1296 1082 1341; x_wconf 84' lang='lat' dir='ltr'>vero</span> <span class='ocrx_word' id='word_1_56' title='bbox 1110 1275 1189 1360; x_wconf 91' lang='lat' dir='ltr'>pedi</span> <span class='ocrx_word' id='word_1_57' title='bbox 1216 1265 1377 1360; x_wconf 87' lang='lat' dir='ltr'>descripti·</span> 
     </span>
     <span class='ocr_line' id='line_1_10' title="bbox 210 1377 1210 1462; baseline 0 -20"><span class='ocrx_word' id='word_1_58' title='bbox 210 1399 269 1444; x_wconf 90' lang='lat' dir='ltr'>one</span> <span class='ocrx_word' id='word_1_59' title='bbox 292 1377 354 1461; x_wconf 91' lang='lat' dir='ltr'>(vv.</span> <span class='ocrx_word' id='word_1_60' title='bbox 371 1377 481 1462; x_wconf 66' lang='lat' dir='ltr'>23l24)</span> <span class='ocrx_word' id='word_1_61' title='bbox 504 1379 536 1442; x_wconf 95' lang='lat' dir='ltr'>in</span> <span class='ocrx_word' id='word_1_62' title='bbox 559 1379 744 1443; x_wconf 80' lang='lat' dir='ltr'>memoriam</span> <span class='ocrx_word' id='word_1_63' title='bbox 766 1383 934 1444; x_wconf 84' lang='lat' dir='ltr'>revocatur</span> <span class='ocrx_word' id='word_1_64' title='bbox 957 1378 999 1443; x_wconf 88' lang='lat' dir='ltr'>id.</span> <span class='ocrx_word' id='word_1_65' title='bbox 1016 1379 1086 1460; x_wconf 90' lang='lat' dir='ltr'>VII,</span> <span class='ocrx_word' id='word_1_66' title='bbox 1102 1380 1210 1456; x_wconf 70' lang='lat' dir='ltr'>calci,</span> 
     </span>
    </p>

    <p class='ocr_par' dir='ltr' id='par_1_6' title="bbox 210 1480 1383 2692">
     <span class='ocr_line' id='line_1_11' title="bbox 295 1480 1377 1565; baseline 0 -20"><span class='ocrx_word' id='word_1_67' title='bbox 295 1482 364 1547; x_wconf 88' lang='lat' dir='ltr'>Hac</span> <span class='ocrx_word' id='word_1_68' title='bbox 386 1481 530 1565; x_wconf 85' lang='lat' dir='ltr'>profecto</span> <span class='ocrx_word' id='word_1_69' title='bbox 553 1481 693 1564; x_wconf 81' lang='lat' dir='ltr'>imagine</span> <span class='ocrx_word' id='word_1_70' title='bbox 716 1483 796 1547; x_wconf 91' lang='lat' dir='ltr'>satis</span> <span class='ocrx_word' id='word_1_71' title='bbox 819 1482 964 1565; x_wconf 88' lang='lat' dir='ltr'>speciosa</span> <span class='ocrx_word' id='word_1_72' title='bbox 987 1480 1117 1565; x_wconf 88' lang='lat' dir='ltr'>depicta</span> <span class='ocrx_word' id='word_1_73' title='bbox 1139 1480 1292 1565; x_wconf 92' lang='lat' dir='ltr'>idyllium</span> <span class='ocrx_word' id='word_1_74' title='bbox 1314 1501 1377 1565; x_wconf 91' lang='lat' dir='ltr'>per-</span> 
     </span>
     <span class='ocr_line' id='line_1_12' title="bbox 210 1582 1378 1667; baseline 0.001 -20"><span class='ocrx_word' id='word_1_75' title='bbox 210 1584 292 1649; x_wconf 87' lang='lat' dir='ltr'>bene</span> <span class='ocrx_word' id='word_1_76' title='bbox 325 1584 505 1649; x_wconf 85' lang='lat' dir='ltr'>absolutum</span> <span class='ocrx_word' id='word_1_77' title='bbox 538 1582 652 1647; x_wconf 90' lang='lat' dir='ltr'>haberi</span> <span class='ocrx_word' id='word_1_78' title='bbox 685 1584 798 1667; x_wconf 91' lang='lat' dir='ltr'>potuit.</span> <span class='ocrx_word' id='word_1_79' title='bbox 852 1585 955 1663; x_wconf 80' lang='lat' dir='ltr'>Quam</span> <span class='ocrx_word' id='word_1_80' title='bbox 989 1585 1029 1648; x_wconf 89' lang='lat' dir='ltr'>ob</span> <span class='ocrx_word' id='word_1_81' title='bbox 1062 1604 1127 1648; x_wconf 89' lang='lat' dir='ltr'>rem</span> <span class='ocrx_word' id='word_1_82' title='bbox 1161 1585 1316 1649; x_wconf 87' lang='lat' dir='ltr'>miramur</span> <span class='ocrx_word' id='word_1_83' title='bbox 1346 1603 1378 1648; x_wconf 90' lang='lat' dir='ltr'>ac</span> 
     </span>
     <span class='ocr_line' id='line_1_13' title="bbox 210 1685 1379 1771; baseline -0.002 -19"><span class='ocrx_word' id='word_1_84' title='bbox 210 1708 313 1771; x_wconf 89' lang='lat' dir='ltr'>paene</span> <span class='ocrx_word' id='word_1_85' title='bbox 346 1692 509 1770; x_wconf 81' lang='lat' dir='ltr'>stupemus</span> <span class='ocrx_word' id='word_1_86' title='bbox 542 1686 687 1770; x_wconf 89' lang='lat' dir='ltr'>legentes</span> <span class='ocrx_word' id='word_1_87' title='bbox 717 1708 757 1751; x_wconf 88' lang='lat' dir='ltr'>ea</span> <span class='ocrx_word' id='word_1_88' title='bbox 786 1707 869 1769; x_wconf 90' lang='lat' dir='ltr'>quae</span> <span class='ocrx_word' id='word_1_89' title='bbox 899 1685 1116 1769; x_wconf 89' lang='lat' dir='ltr'>adiunguntur</span> <span class='ocrx_word' id='word_1_90' title='bbox 1150 1686 1215 1771; x_wconf 85' lang='lat' dir='ltr'>(vv.</span> <span class='ocrx_word' id='word_1_91' title='bbox 1237 1686 1379 1770; x_wconf 81' lang='grc'>28-36).</span> 
     </span>
     <span class='ocr_line' id='line_1_14' title="bbox 212 1787 1380 1872; baseline 0 -19"><span class='ocrx_word' id='word_1_92' title='bbox 212 1791 302 1868; x_wconf 75' lang='lat' dir='ltr'>Quae</span> <span class='ocrx_word' id='word_1_93' title='bbox 324 1795 468 1853; x_wconf 82' lang='lat' dir='ltr'>extrema</span> <span class='ocrx_word' id='word_1_94' title='bbox 490 1808 565 1872; x_wconf 90' lang='lat' dir='ltr'>pars</span> <span class='ocrx_word' id='word_1_95' title='bbox 587 1789 736 1854; x_wconf 91' lang='lat' dir='ltr'>carminis</span> <span class='ocrx_word' id='word_1_96' title='bbox 760 1787 838 1871; x_wconf 90' lang='lat' dir='ltr'>quid</span> <span class='ocrx_word' id='word_1_97' title='bbox 860 1789 923 1853; x_wconf 90' lang='lat' dir='ltr'>sibi</span> <span class='ocrx_word' id='word_1_98' title='bbox 945 1789 1024 1854; x_wconf 89' lang='lat' dir='ltr'>velit</span> <span class='ocrx_word' id='word_1_99' title='bbox 1046 1788 1209 1870; x_wconf 90' lang='lat' dir='ltr'>hocloco,</span> <span class='ocrx_word' id='word_1_100' title='bbox 1232 1810 1380 1872; x_wconf 91' lang='lat' dir='ltr'>quaeren-</span> 
     </span>
     <span class='ocr_line' id='line_1_15' title="bbox 212 1891 1380 1974; baseline -0.001 -19"><span class='ocrx_word' id='word_1_101' title='bbox 212 1892 298 1956; x_wconf 82' lang='lat' dir='ltr'>tibus</span> <span class='ocrx_word' id='word_1_102' title='bbox 321 1896 354 1956; x_wconf 89' lang='lat' dir='ltr'>et</span> <span class='ocrx_word' id='word_1_103' title='bbox 376 1891 603 1974; x_wconf 88' lang='lat' dir='ltr'>interpretibus</span> <span class='ocrx_word' id='word_1_104' title='bbox 627 1896 660 1955; x_wconf 91' lang='lat' dir='ltr'>et</span> <span class='ocrx_word' id='word_1_105' title='bbox 682 1891 802 1956; x_wconf 90' lang='lat' dir='ltr'>criticis</span> <span class='ocrx_word' id='word_1_106' title='bbox 825 1911 950 1974; x_wconf 89' lang='lat' dir='ltr'>semper</span> <span class='ocrx_word' id='word_1_107' title='bbox 977 1891 1045 1956; x_wconf 87' lang='lat' dir='ltr'>fere</span> <span class='ocrx_word' id='word_1_108' title='bbox 1067 1891 1168 1956; x_wconf 89' lang='lat' dir='ltr'>instar</span> <span class='ocrx_word' id='word_1_109' title='bbox 1191 1891 1255 1955; x_wconf 84' lang='lat' dir='ltr'>fuit</span> <span class='ocrx_word' id='word_1_110' title='bbox 1277 1891 1380 1972; x_wconf 91' lang='lat' dir='ltr'>aenig-</span> 
     </span>
     <span class='ocr_line' id='line_1_16' title="bbox 212 1991 1381 2075; baseline -0.001 -17"><span class='ocrx_word' id='word_1_111' title='bbox 212 1994 315 2058; x_wconf 89' lang='lat' dir='ltr'>matis.</span> <span class='ocrx_word' id='word_1_112' title='bbox 360 1994 548 2075; x_wconf 76' lang='lat' dir='ltr'>Quicunque</span> <span class='ocrx_word' id='word_1_113' title='bbox 570 1991 605 2056; x_wconf 89' lang='lat' dir='ltr'>id</span> <span class='ocrx_word' id='word_1_114' title='bbox 628 2014 645 2056; x_wconf 91' lang='lat' dir='ltr'>e</span> <span class='ocrx_word' id='word_1_115' title='bbox 668 1994 809 2058; x_wconf 85' lang='lat' dir='ltr'>tenebris</span> <span class='ocrx_word' id='word_1_116' title='bbox 836 1993 868 2056; x_wconf 94' lang='lat' dir='ltr'>in</span> <span class='ocrx_word' id='word_1_117' title='bbox 895 1993 998 2058; x_wconf 91' lang='lat' dir='ltr'>lucem</span> <span class='ocrx_word' id='word_1_118' title='bbox 1026 2013 1161 2059; x_wconf 88' lang='lat' dir='ltr'>evocare</span> <span class='ocrx_word' id='word_1_119' title='bbox 1187 1991 1381 2073; x_wconf 80' lang='lat' dir='ltr'>studuerunt,</span> 
     </span>
     <span class='ocr_line' id='line_1_17' title="bbox 212 2094 1382 2180; baseline -0.002 -19"><span class='ocrx_word' id='word_1_120' title='bbox 212 2101 383 2180; x_wconf 90' lang='lat' dir='ltr'>potuerunt</span> <span class='ocrx_word' id='word_1_121' title='bbox 412 2095 554 2180; x_wconf 88' lang='lat' dir='ltr'>proferre</span> <span class='ocrx_word' id='word_1_122' title='bbox 584 2096 782 2160; x_wconf 89' lang='lat' dir='ltr'>coniecturas</span> <span class='ocrx_word' id='word_1_123' title='bbox 813 2095 929 2178; x_wconf 86' lang='lat' dir='ltr'>varias,</span> <span class='ocrx_word' id='word_1_124' title='bbox 957 2094 1016 2160; x_wconf 88' lang='lat' dir='ltr'>sed</span> <span class='ocrx_word' id='word_1_125' title='bbox 1045 2115 1149 2161; x_wconf 87' lang='lat' dir='ltr'>meras</span> <span class='ocrx_word' id='word_1_126' title='bbox 1179 2096 1382 2175; x_wconf 86' lang='lat' dir='ltr'>coniecturas,</span> 
     </span>
     <span class='ocr_line' id='line_1_18' title="bbox 213 2197 1381 2284; baseline -0.003 -20"><span class='ocrx_word' id='word_1_127' title='bbox 213 2199 400 2283; x_wconf 87' lang='lat' dir='ltr'>plerumque</span> <span class='ocrx_word' id='word_1_128' title='bbox 423 2199 519 2263; x_wconf 86' lang='lat' dir='ltr'>ctiam</span> <span class='ocrx_word' id='word_1_129' title='bbox 547 2197 761 2264; x_wconf 75' lang='lat' dir='ltr'>incredibiles.</span> <span class='ocrx_word' id='word_1_130' title='bbox 806 2199 1003 2264; x_wconf 85' lang='lat' dir='ltr'>Fritzschius</span> <span class='ocrx_word' id='word_1_131' title='bbox 1030 2197 1161 2282; x_wconf 90' lang='lat' dir='ltr'>quidem</span> <span class='ocrx_word' id='word_1_132' title='bbox 1191 2197 1244 2284; x_wconf 88' lang='lat' dir='ltr'>(cf.</span> <span class='ocrx_word' id='word_1_133' title='bbox 1267 2218 1381 2281; x_wconf 89' lang='lat' dir='ltr'>argum.</span> 
     </span>
     <span class='ocr_line' id='line_1_19' title="bbox 214 2300 1381 2385; baseline -0.003 -19"><span class='ocrx_word' id='word_1_134' title='bbox 214 2300 257 2366; x_wconf 90' lang='lat' dir='ltr'>ad</span> <span class='ocrx_word' id='word_1_135' title='bbox 286 2300 405 2385; x_wconf 83' lang='lat' dir='ltr'>bid),</span> <span class='ocrx_word' id='word_1_136' title='bbox 438 2302 489 2367; x_wconf 91' lang='lat' dir='ltr'>oui</span> <span class='ocrx_word' id='word_1_137' title='bbox 522 2320 671 2366; x_wconf 87' lang='lat' dir='ltr'>assensus</span> <span class='ocrx_word' id='word_1_138' title='bbox 707 2306 756 2367; x_wconf 91' lang='lat' dir='ltr'>est</span> <span class='ocrx_word' id='word_1_139' title='bbox 793 2301 890 2365; x_wconf 87' lang='lat' dir='ltr'>etiam</span> <span class='ocrx_word' id='word_1_140' title='bbox 924 2300 1112 2383; x_wconf 86' lang='lat' dir='ltr'>Abrensius‚</span> <span class='ocrx_word' id='word_1_141' title='bbox 1148 2300 1381 2367; x_wconf 84' lang='lat' dir='ltr'>Artemidorum</span> 
     </span>
     <span class='ocr_line' id='line_1_20' title="bbox 214 2401 1381 2487; baseline -0.004 -18"><span class='ocrx_word' id='word_1_142' title='bbox 214 2404 456 2487; x_wconf 88' lang='lat' dir='ltr'>grammaticum</span> <span class='ocrx_word' id='word_1_143' title='bbox 489 2403 547 2468; x_wconf 92' lang='lat' dir='ltr'>bos</span> <span class='ocrx_word' id='word_1_144' title='bbox 580 2423 691 2468; x_wconf 86' lang='lat' dir='ltr'>versus</span> <span class='ocrx_word' id='word_1_145' title='bbox 719 2408 882 2486; x_wconf 91' lang='lat' dir='ltr'>tamquam</span> <span class='ocrx_word' id='word_1_146' title='bbox 918 2403 1078 2487; x_wconf 79' lang='lat' dir='ltr'>epilogum</span> <span class='ocrx_word' id='word_1_147' title='bbox 1114 2403 1313 2468; x_wconf 89' lang='lat' dir='ltr'>collectionis</span> <span class='ocrx_word' id='word_1_148' title='bbox 1345 2401 1381 2466; x_wconf 91' lang='lat' dir='ltr'>ab</span> 
     </span>
     <span class='ocr_line' id='line_1_21' title="bbox 215 2503 1382 2591; baseline -0.003 -22"><span class='ocrx_word' id='word_1_149' title='bbox 215 2507 283 2591; x_wconf 90' lang='lat' dir='ltr'>ipso</span> <span class='ocrx_word' id='word_1_150' title='bbox 307 2506 473 2570; x_wconf 90' lang='lat' dir='ltr'>institutae</span> <span class='ocrx_word' id='word_1_151' title='bbox 503 2505 544 2570; x_wconf 89' lang='lat' dir='ltr'>de</span> <span class='ocrx_word' id='word_1_152' title='bbox 573 2524 629 2570; x_wconf 91' lang='lat' dir='ltr'>suo</span> <span class='ocrx_word' id='word_1_153' title='bbox 659 2503 825 2571; x_wconf 86' lang='lat' dir='ltr'>addidisse</span> <span class='ocrx_word' id='word_1_154' title='bbox 856 2507 1004 2589; x_wconf 87' lang='lat' dir='ltr'>opinatus</span> <span class='ocrx_word' id='word_1_155' title='bbox 1034 2511 1091 2586; x_wconf 87' lang='lat' dir='ltr'>est,</span> <span class='ocrx_word' id='word_1_156' title='bbox 1121 2525 1218 2587; x_wconf 91' lang='lat' dir='ltr'>quam</span> <span class='ocrx_word' id='word_1_157' title='bbox 1247 2504 1292 2570; x_wconf 91' lang='lat' dir='ltr'>ad</span> <span class='ocrx_word' id='word_1_158' title='bbox 1322 2505 1382 2587; x_wconf 94' lang='lat' dir='ltr'>opi-</span> 
     </span>
     <span class='ocr_line' id='line_1_22' title="bbox 215 2606 1383 2692; baseline -0.002 -21"><span class='ocrx_word' id='word_1_159' title='bbox 215 2610 338 2672; x_wconf 92' lang='lat' dir='ltr'>nionem</span> <span class='ocrx_word' id='word_1_160' title='bbox 362 2607 417 2672; x_wconf 87' lang='lat' dir='ltr'>ille</span> <span class='ocrx_word' id='word_1_161' title='bbox 433 2609 481 2672; x_wconf 91' lang='lat' dir='ltr'>vir</span> <span class='ocrx_word' id='word_1_162' title='bbox 501 2606 614 2673; x_wconf 90' lang='lat' dir='ltr'>doctus</span> <span class='ocrx_word' id='word_1_163' title='bbox 633 2606 807 2691; x_wconf 89' lang='lat' dir='ltr'>perductus</span> <span class='ocrx_word' id='word_1_164' title='bbox 827 2613 896 2673; x_wconf 87' lang='lat' dir='ltr'>erat</span> <span class='ocrx_word' id='word_1_165' title='bbox 912 2609 1143 2692; x_wconf 82' lang='lat' dir='ltr'>epigrammate</span> <span class='ocrx_word' id='word_1_166' title='bbox 1162 2607 1219 2672; x_wconf 93' lang='lat' dir='ltr'>illo</span> <span class='ocrx_word' id='word_1_167' title='bbox 1235 2626 1383 2672; x_wconf 89' lang='lat' dir='ltr'>memora·</span> 
     </span>
    </p>
   </div>
   <div class='ocr_carea' id='block_1_2' title="bbox 216 2705 1383 2898">
    <p class='ocr_par' dir='ltr' id='par_1_7' title="bbox 216 2705 1383 2898">
     <span class='ocr_line' id='line_1_23' title="bbox 216 2705 1383 2794; baseline -0.003 -20"><span class='ocrx_word' id='word_1_168' title='bbox 216 2710 273 2774; x_wconf 94' lang='lat' dir='ltr'>bili</span> <span class='ocrx_word' id='word_1_169' title='bbox 296 2711 487 2793; x_wconf 89' lang='lat' dir='ltr'>saepiusque</span> <span class='ocrx_word' id='word_1_170' title='bbox 517 2731 537 2774; x_wconf 90' lang='lat' dir='ltr'>a</span> <span class='ocrx_word' id='word_1_171' title='bbox 564 2710 641 2775; x_wconf 88' lang='lat' dir='ltr'>viris</span> <span class='ocrx_word' id='word_1_172' title='bbox 672 2709 775 2775; x_wconf 90' lang='lat' dir='ltr'>doctis</span> <span class='ocrx_word' id='word_1_173' title='bbox 806 2711 907 2776; x_wconf 90' lang='lat' dir='ltr'>ascito</span> <span class='ocrx_word' id='word_1_174' title='bbox 939 2709 982 2774; x_wconf 91' lang='lat' dir='ltr'>ad</span> <span class='ocrx_word' id='word_1_175' title='bbox 1013 2708 1274 2794; x_wconf 90' lang='lat' dir='ltr'>disputationem,</span> <span class='ocrx_word' id='word_1_176' title='bbox 1304 2705 1383 2792; x_wconf 91' lang='lat' dir='ltr'>quod</span> 
     </span>
     <span class='ocr_line' id='line_1_24' title="bbox 216 2811 725 2898; baseline 0.002 -22"><span class='ocrx_word' id='word_1_177' title='bbox 216 2812 353 2876; x_wconf 88' lang='lat' dir='ltr'>traditur</span> <span class='ocrx_word' id='word_1_178' title='bbox 377 2811 444 2876; x_wconf 90' lang='lat' dir='ltr'>cod.</span> <span class='ocrx_word' id='word_1_179' title='bbox 464 2813 571 2876; x_wconf 89' lang='lat' dir='ltr'>Ambr.</span> <span class='ocrx_word' id='word_1_180' title='bbox 593 2812 641 2898; x_wconf 79' lang='lat' dir='ltr'>(k)</span> <span class='ocrx_word' id='word_1_181' title='bbox 664 2813 725 2877; x_wconf 92' lang='lat' dir='ltr'>ita:</span> 
     </span>
    </p>
   </div>
   <div class='ocr_carea' id='block_1_3' title="bbox 455 2923 1161 3104">
    <p class='ocr_par' dir='ltr' id='par_1_8' title="bbox 455 2923 1161 3104">
     <span class='ocr_line' id='line_1_25' title="bbox 512 2923 1087 3016; baseline -0.003 -18"><span class='ocrx_word' id='word_1_182' title='bbox 512 2923 751 3015; x_wconf 75' lang='grc' dir='ltr'><em>Ἀρτεμιδώρου</em></span> <span class='ocrx_word' id='word_1_183' title='bbox 773 2936 835 2997; x_wconf 85' lang='grc' dir='ltr'>τοῦ</span> <span class='ocrx_word' id='word_1_184' title='bbox 856 2935 1087 3016; x_wconf 79' lang='grc' dir='ltr'>γραμματικοῦ</span> 
     </span>
     <span class='ocr_line' id='line_1_26' title="bbox 455 3025 1161 3104; baseline -0.003 -18"><span class='ocrx_word' id='word_1_185' title='bbox 455 3029 498 3086; x_wconf 80' lang='grc' dir='ltr'>ἐπὶ</span> <span class='ocrx_word' id='word_1_186' title='bbox 517 3037 551 3102; x_wconf 65' lang='grc' dir='ltr'>τῇ</span> <span class='ocrx_word' id='word_1_187' title='bbox 570 3027 699 3101; x_wconf 70' lang='grc' dir='ltr'><em>ἀθροίσει</em></span> <span class='ocrx_word' id='word_1_188' title='bbox 717 3037 773 3086; x_wconf 83' lang='grc' dir='ltr'>τῶν</span> <span class='ocrx_word' id='word_1_189' title='bbox 790 3036 971 3104; x_wconf 78' lang='grc' dir='ltr'><em>βοακολικῶν</em></span> <span class='ocrx_word' id='word_1_190' title='bbox 988 3025 1161 3101; x_wconf 83' lang='grc' dir='ltr'>ποιημάτων.</span> 
     </span>
    </p>
   </div>
   <div class='ocr_carea' id='block_1_4' title="bbox 218 3144 1394 4382">
    <p class='ocr_par' dir='ltr' id='par_1_9' title="bbox 218 3144 1394 4382">
     <span class='ocr_line' id='line_1_27' title="bbox 303 3144 1312 3238; baseline -0.002 -20"><span class='ocrx_word' id='word_1_191' title='bbox 303 3155 508 3218; x_wconf 75' lang='grc' dir='ltr'><em>Βουκολικαὶ</em></span> <span class='ocrx_word' id='word_1_192' title='bbox 534 3159 655 3219; x_wconf 85' lang='grc' dir='ltr'><em>Μοῖσαι</em></span> <span class='ocrx_word' id='word_1_193' title='bbox 678 3151 843 3238; x_wconf 81' lang='grc' dir='ltr'><em>σποράδες</em></span> <span class='ocrx_word' id='word_1_194' title='bbox 865 3150 965 3234; x_wconf 81' lang='grc' dir='ltr'><em>ιιοκά,</em></span> <span class='ocrx_word' id='word_1_195' title='bbox 990 3156 1052 3218; x_wconf 80' lang='grc' dir='ltr'>οὖν</span> <span class='ocrx_word' id='word_1_196' title='bbox 1075 3145 1104 3218; x_wconf 69' lang='grc' dir='ltr'>δ’</span> <span class='ocrx_word' id='word_1_197' title='bbox 1120 3144 1186 3236; x_wconf 84' lang='grc' dir='ltr'>άμα</span> <span class='ocrx_word' id='word_1_198' title='bbox 1208 3154 1312 3217; x_wconf 81' lang='grc' dir='ltr'><em>πᾶσαι</em></span> 
     </span>
     <span class='ocr_line' id='line_1_28' title="bbox 370 3251 1056 3342; baseline 0 -22"><span class='ocrx_word' id='word_1_199' title='bbox 370 3255 439 3320; x_wconf 77' lang='grc' dir='ltr'>ἐντὶ</span> <span class='ocrx_word' id='word_1_200' title='bbox 461 3260 537 3339; x_wconf 81' lang='grc' dir='ltr'>μιᾶς</span> <span class='ocrx_word' id='word_1_201' title='bbox 558 3253 715 3340; x_wconf 77' lang='grc' dir='ltr'>μάνδρας,</span> <span class='ocrx_word' id='word_1_202' title='bbox 737 3257 808 3321; x_wconf 77' lang='grc' dir='ltr'>ἐντὶ</span> <span class='ocrx_word' id='word_1_203' title='bbox 830 3261 905 3341; x_wconf 85' lang='grc' dir='ltr'>μιᾶς</span> <span class='ocrx_word' id='word_1_204' title='bbox 929 3251 1056 3342; x_wconf 72' lang='grc' dir='ltr'><strong><em>ἀγέλας.</em></strong></span> 
     </span>
     <span class='ocr_line' id='line_1_29' title="bbox 219 3375 1386 3460; baseline -0.003 -20"><span class='ocrx_word' id='word_1_205' title='bbox 219 3379 268 3440; x_wconf 84' lang='lat' dir='ltr'>Ex</span> <span class='ocrx_word' id='word_1_206' title='bbox 291 3377 350 3441; x_wconf 92' lang='lat' dir='ltr'>hoc</span> <span class='ocrx_word' id='word_1_207' title='bbox 375 3377 605 3459; x_wconf 84' lang='lat' dir='ltr'>epigrammate</span> <span class='ocrx_word' id='word_1_208' title='bbox 628 3377 824 3442; x_wconf 86' lang='lat' dir='ltr'>Fritzscbius</span> <span class='ocrx_word' id='word_1_209' title='bbox 846 3377 1013 3441; x_wconf 88' lang='lat' dir='ltr'>constituit</span> <span class='ocrx_word' id='word_1_210' title='bbox 1039 3375 1159 3460; x_wconf 84' lang='lat' dir='ltr'>duplex</span> <span class='ocrx_word' id='word_1_211' title='bbox 1185 3380 1386 3440; x_wconf 89' lang='lat' dir='ltr'>momentum:</span> 
     </span>
     <span class='ocr_line' id='line_1_30' title="bbox 218 3477 1386 3563; baseline -0.003 -21"><span class='ocrx_word' id='word_1_212' title='bbox 218 3482 306 3563; x_wconf 91' lang='lat' dir='ltr'>prius</span> <span class='ocrx_word' id='word_1_213' title='bbox 336 3477 572 3543; x_wconf 80' lang='lat' dir='ltr'>Artemidorum</span> <span class='ocrx_word' id='word_1_214' title='bbox 604 3479 694 3543; x_wconf 91' lang='lat' dir='ltr'>illum</span> <span class='ocrx_word' id='word_1_215' title='bbox 723 3480 942 3545; x_wconf 88' lang='lat' dir='ltr'>collectionem</span> <span class='ocrx_word' id='word_1_216' title='bbox 972 3480 1146 3544; x_wconf 88' lang='lat' dir='ltr'>carminum</span> <span class='ocrx_word' id='word_1_217' title='bbox 1176 3478 1386 3544; x_wconf 85' lang='lat' dir='ltr'>bucolicorum</span> 
     </span>
     <span class='ocr_line' id='line_1_31' title="bbox 218 3581 1387 3666; baseline -0.002 -21"><span class='ocrx_word' id='word_1_218' title='bbox 218 3581 404 3666; x_wconf 84' lang='lat' dir='ltr'>perfecisse,</span> <span class='ocrx_word' id='word_1_219' title='bbox 437 3581 470 3646; x_wconf 96' lang='lat' dir='ltr'>id</span> <span class='ocrx_word' id='word_1_220' title='bbox 501 3581 586 3664; x_wconf 93' lang='lat' dir='ltr'>quod</span> <span class='ocrx_word' id='word_1_221' title='bbox 616 3602 649 3645; x_wconf 87' lang='lat' dir='ltr'>re</span> <span class='ocrx_word' id='word_1_222' title='bbox 679 3603 756 3647; x_wconf 90' lang='lat' dir='ltr'>vera</span> <span class='ocrx_word' id='word_1_223' title='bbox 788 3582 863 3646; x_wconf 92' lang='lat' dir='ltr'>inde</span> <span class='ocrx_word' id='word_1_224' title='bbox 896 3582 1052 3665; x_wconf 87' lang='lat' dir='ltr'>sequitur,</span> <span class='ocrx_word' id='word_1_225' title='bbox 1085 3581 1220 3645; x_wconf 91' lang='lat' dir='ltr'>alterum</span> <span class='ocrx_word' id='word_1_226' title='bbox 1255 3581 1387 3645; x_wconf 87' lang='lat' dir='ltr'>eundem</span> 
     </span>
     <span class='ocr_line' id='line_1_32' title="bbox 220 3682 1388 3768; baseline -0.003 -20"><span class='ocrx_word' id='word_1_227' title='bbox 220 3684 468 3765; x_wconf 82' lang='lat' dir='ltr'>Artemidorum,</span> <span class='ocrx_word' id='word_1_228' title='bbox 498 3685 552 3766; x_wconf 92' lang='lat' dir='ltr'>qui</span> <span class='ocrx_word' id='word_1_229' title='bbox 582 3685 780 3768; x_wconf 90' lang='lat' dir='ltr'>epigramma</span> <span class='ocrx_word' id='word_1_230' title='bbox 810 3685 960 3768; x_wconf 88' lang='lat' dir='ltr'>(fortasse</span> <span class='ocrx_word' id='word_1_231' title='bbox 993 3686 1026 3748; x_wconf 95' lang='lat' dir='ltr'>in</span> <span class='ocrx_word' id='word_1_232' title='bbox 1058 3685 1164 3768; x_wconf 89' lang='lat' dir='ltr'>capite</span> <span class='ocrx_word' id='word_1_233' title='bbox 1194 3682 1388 3749; x_wconf 88' lang='lat' dir='ltr'>collectionis</span> 
     </span>
     <span class='ocr_line' id='line_1_33' title="bbox 220 3786 1389 3871; baseline -0.003 -19"><span class='ocrx_word' id='word_1_234' title='bbox 220 3786 371 3871; x_wconf 78' lang='lat' dir='ltr'>positum)</span> <span class='ocrx_word' id='word_1_235' title='bbox 394 3807 414 3850; x_wconf 94' lang='lat' dir='ltr'>a</span> <span class='ocrx_word' id='word_1_236' title='bbox 436 3787 543 3851; x_wconf 85' lang='lat' dir='ltr'>verbis</span> <span class='ocrx_word' id='word_1_237' title='bbox 566 3789 773 3851; x_wconf 79' lang='grc' dir='ltr'><em>Βουκολικαὶ</em></span> <span class='ocrx_word' id='word_1_238' title='bbox 797 3793 923 3852; x_wconf 78' lang='grc' dir='ltr'><em>Μοῖσαι</em></span> <span class='ocrx_word' id='word_1_239' title='bbox 950 3787 1097 3870; x_wconf 86' lang='lat' dir='ltr'>incipiat,</span> <span class='ocrx_word' id='word_1_240' title='bbox 1126 3786 1288 3869; x_wconf 88' lang='lat' dir='ltr'>epilogum</span> <span class='ocrx_word' id='word_1_241' title='bbox 1316 3805 1389 3869; x_wconf 92' lang='lat' dir='ltr'>quo·</span> 
     </span>
     <span class='ocr_line' id='line_1_34' title="bbox 220 3886 1390 3972; baseline -0.002 -19"><span class='ocrx_word' id='word_1_242' title='bbox 220 3911 282 3972; x_wconf 90' lang='lat' dir='ltr'>que</span> <span class='ocrx_word' id='word_1_243' title='bbox 304 3890 361 3970; x_wconf 88' lang='lat' dir='ltr'>IX,</span> <span class='ocrx_word' id='word_1_244' title='bbox 384 3891 518 3954; x_wconf 74' lang='lat'>28-36</span> <span class='ocrx_word' id='word_1_245' title='bbox 541 3888 716 3953; x_wconf 86' lang='lat' dir='ltr'>ordientem</span> <span class='ocrx_word' id='word_1_246' title='bbox 745 3891 785 3954; x_wconf 89' lang='lat' dir='ltr'>ab</span> <span class='ocrx_word' id='word_1_247' title='bbox 813 3889 927 3954; x_wconf 90' lang='lat' dir='ltr'>iisdem</span> <span class='ocrx_word' id='word_1_248' title='bbox 950 3889 1082 3954; x_wconf 90' lang='lat' dir='ltr'>vocibus</span> <span class='ocrx_word' id='word_1_249' title='bbox 1109 3889 1283 3972; x_wconf 86' lang='lat' dir='ltr'>scripsisse.</span> <span class='ocrx_word' id='word_1_250' title='bbox 1328 3886 1390 3954; x_wconf 84' lang='lat' dir='ltr'>Sed</span> 
     </span>
     <span class='ocr_line' id='line_1_35' title="bbox 221 3992 1390 4076; baseline -0.001 -20"><span class='ocrx_word' id='word_1_251' title='bbox 221 3994 281 4058; x_wconf 93' lang='lat' dir='ltr'>hoc</span> <span class='ocrx_word' id='word_1_252' title='bbox 307 3993 443 4057; x_wconf 87' lang='lat' dir='ltr'>alterum</span> <span class='ocrx_word' id='word_1_253' title='bbox 472 3999 692 4076; x_wconf 89' lang='lat' dir='ltr'>argumentum</span> <span class='ocrx_word' id='word_1_254' title='bbox 722 3993 824 4057; x_wconf 83' lang='lat' dir='ltr'>fallax</span> <span class='ocrx_word' id='word_1_255' title='bbox 855 3998 953 4075; x_wconf 88' lang='lat' dir='ltr'>atque</span> <span class='ocrx_word' id='word_1_256' title='bbox 983 3992 1076 4058; x_wconf 88' lang='lat' dir='ltr'>futile</span> <span class='ocrx_word' id='word_1_257' title='bbox 1106 3997 1163 4057; x_wconf 89' lang='lat' dir='ltr'>cst.</span> <span class='ocrx_word' id='word_1_258' title='bbox 1207 3993 1290 4057; x_wconf 87' lang='lat' dir='ltr'>Nam</span> <span class='ocrx_word' id='word_1_259' title='bbox 1322 4013 1390 4059; x_wconf 91' lang='lat' dir='ltr'>cum</span> 
     </span>
     <span class='ocr_line' id='line_1_36' title="bbox 221 4085 1391 4180; baseline -0.002 -21"><span class='ocrx_word' id='word_1_260' title='bbox 221 4096 290 4179; x_wconf 89' lang='lat' dir='ltr'>ipse</span> <span class='ocrx_word' id='word_1_261' title='bbox 313 4095 501 4161; x_wconf 85' lang='lat' dir='ltr'>Theocritus</span> <span class='ocrx_word' id='word_1_262' title='bbox 525 4095 759 4180; x_wconf 76' lang='lat' dir='ltr'>(id.1‚64sqq.</span> <span class='ocrx_word' id='word_1_263' title='bbox 783 4101 815 4160; x_wconf 89' lang='lat' dir='ltr'>et</span> <span class='ocrx_word' id='word_1_264' title='bbox 834 4095 907 4177; x_wconf 88' lang='lat' dir='ltr'>VH,</span> <span class='ocrx_word' id='word_1_265' title='bbox 919 4093 975 4179; x_wconf 83' lang='lat'>49)</span> <span class='ocrx_word' id='word_1_266' title='bbox 999 4085 1117 4160; x_wconf 81' lang='grc' dir='ltr'><em>ἀοιδάν</em></span> <span class='ocrx_word' id='word_1_267' title='bbox 1139 4094 1391 4161; x_wconf 89' lang='lat' dir='ltr'>denominaverit</span> 
     </span>
     <span class='ocr_line' id='line_1_37' title="bbox 221 4195 1391 4281; baseline 0 -21"><span class='ocrx_word' id='word_1_268' title='bbox 221 4196 429 4276; x_wconf 80' lang='grc' dir='ltr'><em>βσυκολικάν</em></span> <span class='ocrx_word' id='word_1_269' title='bbox 451 4202 548 4280; x_wconf 89' lang='lat' dir='ltr'>atque</span> <span class='ocrx_word' id='word_1_270' title='bbox 571 4199 669 4262; x_wconf 89' lang='lat' dir='ltr'>etiam</span> <span class='ocrx_word' id='word_1_271' title='bbox 696 4198 729 4262; x_wconf 90' lang='lat' dir='ltr'>in</span> <span class='ocrx_word' id='word_1_272' title='bbox 755 4197 841 4279; x_wconf 76' lang='lat' dir='ltr'>iul,</span> <span class='ocrx_word' id='word_1_273' title='bbox 863 4198 880 4208; x_wconf 65' lang='lat'><strong>⁴</strong></span> <span class='ocrx_word' id='word_1_274' title='bbox 1110 4195 1241 4281; x_wconf 86' lang='lat' dir='ltr'>quidam</span> <span class='ocrx_word' id='word_1_275' title='bbox 1268 4218 1391 4263; x_wconf 89' lang='lat' dir='ltr'>versum</span> 
     </span>
     <span class='ocr_line' id='line_1_38' title="bbox 222 4296 1394 4382; baseline 0.001 -20"><span class='ocrx_word' id='word_1_276' title='bbox 222 4300 376 4364; x_wconf 87' lang='lat' dir='ltr'>Fritzscb.</span> <span class='ocrx_word' id='word_1_277' title='bbox 406 4300 468 4363; x_wconf 93' lang='lat' dir='ltr'>sibi</span> <span class='ocrx_word' id='word_1_278' title='bbox 498 4297 731 4365; x_wconf 84' lang='lat' dir='ltr'>incommodum</span> <span class='ocrx_word' id='word_1_279' title='bbox 762 4299 769 4304; x_wconf 82' lang='grc'><strong>’</strong></span> <span class='ocrx_word' id='word_1_280' title='bbox 1117 4296 1162 4382; x_wconf 82' lang='lat' dir='ltr'>lt,</span> <span class='ocrx_word' id='word_1_281' title='bbox 1192 4334 1235 4345; x_wconf 94' lang='lat'><em>-</em></span> <span class='ocrx_word' id='word_1_282' title='bbox 1266 4301 1394 4372; x_wconf 76' lang='grc' dir='ltr'>Μοίσας</span> 
     </span>
    </p>
   </div>
   <div class='ocr_carea' id='block_1_5' title="bbox 0 0 1459 4822">
    <p class='ocr_par' dir='ltr' id='par_1_10' title="bbox 0 0 1459 4822">
     <span class='ocr_line' id='line_1_39' title="bbox 0 0 1459 4822; baseline 0 0"><span class='ocrx_word' id='word_1_283' title='bbox 0 0 1459 4822; x_wconf 95' lang='lat' dir='ltr'> </span> 
     </span>
    </p>
   </div>
  </div>
 </body>
</html>
