2866 4822
1195 248 1237 310 43

56 409 184 500 ἄρξατο
207 419 337 515 πρᾶγος
357 415 398 501 (v,
414 415 468 499 32)
492 421 541 480 est
562 437 650 480 mera
672 416 871 499 molestaque
886 415 1066 500 tautologia
1081 417 1238 480 enuntiati

58 523 190 602 πρᾶτος
214 517 306 585 d’oiv
330 514 417 584 ἄειδε
444 557 487 565 -
516 515 689 595 Μενάλκας
713 519 753 602 (v.
769 519 831 603 30).
875 520 988 602 Neque
1019 518 1151 585 dubium
1182 525 1239 600 est,

58 624 136 707 quin
167 622 257 687 nulla
284 622 480 688 obscuritate
511 622 663 687 orationis
693 626 759 686 tres
782 641 893 687 versus
915 624 965 703 29,
988 624 1038 702 31,
1061 624 1101 686 32
1125 623 1239 687 abesse
1330 621 1331 624 ’

56 727 192 810 possint,
223 745 293 790 cum
324 723 388 789 duo
418 744 529 790 versus
552 727 592 789 28
616 729 649 789 et
672 727 712 789 30
739 725 839 789 menti
869 725 1113 808 sententiaeque
1144 726 1238 790 satis·

57 828 191 894 faciant.
214 865 256 873 -
282 829 431 892 Profecto
454 827 505 892 bis
528 829 667 909 quinque
691 828 836 892 versibus
859 828 1052 911 ineptiarum
1074 831 1238 910 tamquam

57 931 205 996 cumulus
221 930 354 994 affertur
376 950 423 1010 ac,
447 931 473 994 si
497 930 568 1012 quis
591 930 796 994 nihilominus
818 931 851 992 in
878 930 918 995 iis
941 930 1041 994 ullam
1064 934 1164 994 artem
1187 931 1239 994 vel

56 1034 160 1098 ullum
182 1039 299 1117 poetae
331 1034 477 1117 spiritum
508 1033 674 1117 percipiat,
706 1031 746 1096 de
778 1033 847 1097 eius
878 1033 1043 1115 aequitate
1073 1031 1238 1098 iudicandi

57 1135 277 1220 desperamus.

144 1237 220 1319 Sed,
251 1259 290 1302 ne
313 1236 391 1320 quid
414 1238 631 1321 neglegamus,
658 1238 815 1320 reliquum
839 1243 897 1319 est,
928 1244 964 1303 ut
995 1239 1105 1322 paucis
1136 1239 1238 1322 expli·

56 1360 177 1422 cemus,
201 1360 295 1422 quam
320 1345 420 1404 artem
444 1345 555 1405 auctor
570 1338 756 1403 adhibuerit
779 1339 822 1404 ad
844 1339 1097 1405 modulandos
1119 1359 1238 1406 versus.

56 1445 95 1508 In
118 1443 203 1508 hauc
226 1463 291 1507 rem
312 1462 423 1508 versus
441 1444 544 1507 1-32
567 1444 788 1507 examinantes
811 1443 1016 1507 observamus
1040 1443 1167 1506 cosdem
1191 1444 1238 1506 in-

55 1546 195 1611 feriores
225 1564 295 1610 esse
324 1546 458 1628 reliquis
488 1546 681 1610 carminibus
704 1546 859 1629 genuinis.
902 1546 953 1608 Ad
978 1568 1013 1607 ea
1040 1549 1131 1610 enim.
1155 1566 1238 1628 quae

55 1668 156 1732 supra
179 1649 272 1712 nobis
294 1646 581 1712 animadvertenda
603 1647 732 1712 fuerunt
755 1647 795 1712 de
811 1669 861 1712 vv.
879 1650 927 1730 10,
944 1651 992 1722 13,
1015 1657 1044 1709 11
1078 1655 1123 1728 lo,
1146 1669 1237 1713 acce-

55 1750 139 1815 dunt
155 1750 281 1832 aliquot
295 1750 420 1815 formae
436 1770 583 1815 versuum
600 1751 746 1832 rariores,
763 1769 842 1833 quas
858 1751 1028 1815 Kunstium
1043 1751 1074 1836 (l.
1087 1751 1119 1834 l.)
1136 1751 1237 1815 secuti

56 1859 338 1938 repraesentemus
361 1853 422 1919 hac
445 1854 581 1918 tabella:

225 1991 328 2055 forma
351 2012 379 2056 v.
413 1994 432 2056 3
456 1996 488 2055 et
511 1993 550 2054 21
575 1996 683 2055 exstat
705 1991 737 2055 in
760 1991 830 2056 buc.
853 2012 947 2056 carm.
971 1994 1069 2073 3,50s0

283 2144 297 2175 77
357 2144 372 2174 77
411 2095 430 2157 9
463 2144 477 2175 77
511 2096 552 2159 23
717 2145 731 2175 77
791 2145 805 2175 77

283 2247 297 2278 77
357 2247 371 2277 77
392 2198 429 2260 H
464 2246 478 2278 77
513 2198 551 2261 12
716 2247 731 2278 77
791 2247 806 2279 77

282 2349 296 2380 77
356 2349 371 2380 77
391 2300 430 2362 13
463 2349 478 2380 77
511 2301 550 2364 32
716 2350 731 2381 77
791 2350 806 2381 77

282 2451 296 2482 77
356 2451 370 2483 77
389 2403 431 2465 24
716 2452 730 2483 77
790 2453 805 2484 77

282 2553 296 2584 77
357 2553 371 2585 77
390 2505 431 2568 30
716 2553 731 2584 77
791 2554 805 2586 77

146 2642 292 2722 Itemque
314 2660 392 2724 prae
415 2639 531 2705 ceteris
554 2641 687 2723 integris
710 2640 834 2725 idylliis
856 2642 888 2705 in
912 2642 973 2706 hac
995 2645 1088 2726 parte
1105 2662 1238 2708 caesura

56 2764 144 2827 quae
168 2749 300 2807 vocatur
324 2743 470 2807 bucolica
480 2745 499 2824 ¹)
523 2743 623 2806 rarior
646 2743 828 2826 praebetur,
851 2764 934 2826 quae
957 2764 1028 2808 cum
1050 2745 1237 2828 plerumque

56 2850 266 2912 centenorum
281 2864 429 2910 versuum
451 2845 579 2909 tertiam
596 2845 663 2909 fere
679 2850 804 2929 partem
827 2850 969 2930 occupet,
992 2847 1025 2910 in
1047 2847 1098 2912 his
1114 2846 1238 2912 duobus

56 2954 90 3014 et
125 2948 261 3032 triginta
290 2948 436 3012 versibus
470 2948 639 3030 quinquies
673 2949 800 3013 circiter
834 2949 1003 3032 profertur,
1036 2954 1071 3013 ut
1105 2949 1238 3014 dimidio

55 3052 170 3133 minor,
193 3071 288 3133 quam
310 3049 377 3115 fere
400 3049 469 3115 fieri
492 3051 587 3132 solet,
616 3070 765 3115 numerus
788 3052 831 3115 sit
853 3071 1002 3115 versuum
1025 3071 1158 3117 caesura
1180 3053 1238 3117 bu-

57 3154 163 3219 colica
185 3154 418 3218 instructorum.

146 3271 268 3351 Quodsi
291 3272 396 3337 animo
419 3271 716 3357 comprehendimus
740 3293 787 3354 ea,
818 3294 900 3356 quae
928 3272 1033 3340 adbuc
1064 3275 1239 3359 explanata

57 3381 142 3457 sunt,
166 3379 198 3440 et
220 3375 384 3441 nobiscum
408 3382 592 3459 reputamus
615 3379 663 3440 tot
693 3377 794 3441 omnis
824 3377 950 3459 generis
974 3378 1163 3443 offensiones
1186 3380 1239 3444 vel

57 3479 141 3544 vitia
163 3477 276 3542 horum
299 3480 339 3542 32
363 3498 519 3560 versuum,
542 3477 660 3542 deiude
683 3483 783 3542 totam
807 3481 986 3561 argumenti
1007 3481 1238 3565 expositionem

56 3602 119 3646 non
144 3581 310 3664 ingeniose
333 3582 505 3662 inventam,
537 3580 594 3646 sed
624 3581 805 3645 institutam
835 3582 878 3646 ad
908 3584 1089 3667 exemplum
1121 3585 1238 3668 partim

57 3684 164 3766 quinti
186 3684 304 3768 partim
328 3684 413 3749 sexti
436 3682 553 3768 idyllii,
575 3687 642 3747 tum
659 3684 834 3748 orationem
851 3705 912 3749 non
928 3706 1050 3766 novam,
1074 3685 1131 3752 sed
1148 3708 1238 3752 exor-

56 3790 168 3851 natam
191 3785 244 3851 hio
267 3786 334 3851 illic
357 3786 503 3851 frustulis
523 3787 732 3867 Theocriteis,
755 3807 815 3851 non
832 3788 1004 3870 vigentem,
1026 3789 1083 3853 sed
1099 3791 1238 3855 maxime

57 3890 273 3972 languentem,
296 3909 389 3972 porro
404 3889 539 3952 mixtum
562 3887 643 3952 illud
666 3909 707 3952 en
724 3887 870 3955 diverbio
887 3894 919 3954 et
939 3892 1121 3956 narratione
1136 3912 1238 3974 genus

145 4093 167 4160 1)
185 4091 247 4145 Non
265 4092 353 4146 omnis
376 4107 487 4147 caesura
510 4097 576 4161 post
599 4097 726 4160 quartum
749 4092 849 4160 pedem
873 4094 1037 4148 nominanda
1061 4100 1103 4148 est
1128 4111 1239 4150 caesura

56 4177 191 4244 bucolica,
215 4177 266 4231 sed
284 4177 308 4230 si
327 4193 359 4231 ea
377 4183 419 4231 est
438 4193 550 4231 caesura
567 4178 699 4246 primaria,
724 4178 883 4246 praesertim
907 4180 930 4232 si
952 4180 1135 4248 interpunctio
1159 4181 1238 4235 simul

56 4263 161 4317 incidat
173 4263 350 4330 sententiam3
368 4263 461 4332 itaque
479 4263 506 4315 in
519 4280 544 4316 v.
559 4267 590 4316 32
608 4268 674 4331 post
688 4256 838 4325 Μενάλκας
856 4279 910 4317 non
923 4270 964 4318 est
977 4281 1091 4319 caesura
1102 4266 1237 4335 bucolica,

56 4354 87 4404 ut
106 4348 236 4403 ereditur.
255 4378 288 4386 -
